%YAML 1.1
%TAG !u! tag:unity3d.com,2011:
--- !u!64 &6353326032571165235
MeshCollider:
  m_ObjectHideFlags: 0
  m_CorrespondingSourceObject: {fileID: 0}
  m_PrefabInstance: {fileID: 0}
  m_PrefabAsset: {fileID: 0}
  m_GameObject: {fileID: 3448300392389879048}
  m_Material: {fileID: 0}
  m_IsTrigger: 0
  m_Enabled: 1
  serializedVersion: 4
  m_Convex: 0
  m_CookingOptions: 30
  m_Mesh: {fileID: 4300006, guid: 8af8fca8ef997834f8bb68048ac7172b, type: 3}
--- !u!1 &6353326032617754639
GameObject:
  m_ObjectHideFlags: 0
  m_CorrespondingSourceObject: {fileID: 0}
  m_PrefabInstance: {fileID: 0}
  m_PrefabAsset: {fileID: 0}
  serializedVersion: 6
  m_Component:
  - component: {fileID: 6353326032617754638}
  m_Layer: 0
  m_Name: PropRoot
  m_TagString: Untagged
  m_Icon: {fileID: 0}
  m_NavMeshLayer: 0
  m_StaticEditorFlags: 0
  m_IsActive: 1
--- !u!4 &6353326032617754638
Transform:
  m_ObjectHideFlags: 0
  m_CorrespondingSourceObject: {fileID: 0}
  m_PrefabInstance: {fileID: 0}
  m_PrefabAsset: {fileID: 0}
  m_GameObject: {fileID: 6353326032617754639}
  m_LocalRotation: {x: 0, y: 0, z: 0, w: 1}
  m_LocalPosition: {x: 0, y: 0, z: 0}
  m_LocalScale: {x: 1, y: 1, z: 1}
  m_Children:
  - {fileID: 1379527606701161401}
  - {fileID: 385608682983261434}
  - {fileID: 385608682524722600}
  - {fileID: 385608682701250279}
  - {fileID: 385608682394987476}
  - {fileID: 6353326034114781626}
  - {fileID: 6353326032655804253}
  - {fileID: 6191503784618236682}
  - {fileID: 8694303074111396459}
  - {fileID: 6353326033949226647}
  m_Father: {fileID: 6353326034212699530}
  m_RootOrder: 3
  m_LocalEulerAnglesHint: {x: 0, y: 0, z: 0}
--- !u!1 &6353326032655804250
GameObject:
  m_ObjectHideFlags: 0
  m_CorrespondingSourceObject: {fileID: 0}
  m_PrefabInstance: {fileID: 0}
  m_PrefabAsset: {fileID: 0}
  serializedVersion: 6
  m_Component:
  - component: {fileID: 6353326032655804253}
  m_Layer: 0
  m_Name: MovePos (2)
  m_TagString: Untagged
  m_Icon: {fileID: 0}
  m_NavMeshLayer: 0
  m_StaticEditorFlags: 0
  m_IsActive: 1
--- !u!4 &6353326032655804253
Transform:
  m_ObjectHideFlags: 0
  m_CorrespondingSourceObject: {fileID: 0}
  m_PrefabInstance: {fileID: 0}
  m_PrefabAsset: {fileID: 0}
  m_GameObject: {fileID: 6353326032655804250}
  m_LocalRotation: {x: -0, y: -0, z: -0, w: 1}
  m_LocalPosition: {x: 10.81, y: 2.23, z: 1.24}
  m_LocalScale: {x: 1, y: 2, z: 1}
  m_Children: []
  m_Father: {fileID: 6353326032617754638}
  m_RootOrder: 6
  m_LocalEulerAnglesHint: {x: 0, y: 0, z: 0}
--- !u!1 &6353326033735540078
GameObject:
  m_ObjectHideFlags: 0
  m_CorrespondingSourceObject: {fileID: 0}
  m_PrefabInstance: {fileID: 0}
  m_PrefabAsset: {fileID: 0}
  serializedVersion: 6
  m_Component:
  - component: {fileID: 6353326033735540081}
  - component: {fileID: 6353326033735540080}
  m_Layer: 0
  m_Name: MovieMgr
  m_TagString: Untagged
  m_Icon: {fileID: 0}
  m_NavMeshLayer: 0
  m_StaticEditorFlags: 0
  m_IsActive: 1
--- !u!4 &6353326033735540081
Transform:
  m_ObjectHideFlags: 0
  m_CorrespondingSourceObject: {fileID: 0}
  m_PrefabInstance: {fileID: 0}
  m_PrefabAsset: {fileID: 0}
  m_GameObject: {fileID: 6353326033735540078}
  m_LocalRotation: {x: -0, y: -0, z: -0, w: 1}
  m_LocalPosition: {x: 0, y: 0, z: 0}
  m_LocalScale: {x: 1, y: 1, z: 1}
  m_Children: []
  m_Father: {fileID: 6353326034212699530}
  m_RootOrder: 1
  m_LocalEulerAnglesHint: {x: 0, y: 0, z: 0}
--- !u!114 &6353326033735540080
MonoBehaviour:
  m_ObjectHideFlags: 0
  m_CorrespondingSourceObject: {fileID: 0}
  m_PrefabInstance: {fileID: 0}
  m_PrefabAsset: {fileID: 0}
  m_GameObject: {fileID: 6353326033735540078}
  m_Enabled: 1
  m_EditorHideFlags: 0
  m_Script: {fileID: 11500000, guid: 4859d3456ccd4a24383ed82614905564, type: 3}
  m_Name: 
  m_EditorClassIdentifier: 
  m_TrsCamera: {fileID: 6353326033286358473}
  m_TrsTarget: {fileID: 6353326034319831969}
  moveSpeed: 14
  boundary: 14
  offset: {x: 0, y: 0, z: 0}
--- !u!1 &6353326033767400844
GameObject:
  m_ObjectHideFlags: 0
  m_CorrespondingSourceObject: {fileID: 0}
  m_PrefabInstance: {fileID: 0}
  m_PrefabAsset: {fileID: 0}
  serializedVersion: 6
  m_Component:
  - component: {fileID: 6353326033767400847}
  m_Layer: 0
  m_Name: Light
  m_TagString: Untagged
  m_Icon: {fileID: 0}
  m_NavMeshLayer: 0
  m_StaticEditorFlags: 0
  m_IsActive: 1
--- !u!4 &6353326033767400847
Transform:
  m_ObjectHideFlags: 0
  m_CorrespondingSourceObject: {fileID: 0}
  m_PrefabInstance: {fileID: 0}
  m_PrefabAsset: {fileID: 0}
  m_GameObject: {fileID: 6353326033767400844}
  m_LocalRotation: {x: 0, y: 0, z: 0, w: 1}
  m_LocalPosition: {x: 0, y: 0, z: 0}
  m_LocalScale: {x: 1, y: 1, z: 1}
  m_Children:
  - {fileID: 6353326033949250231}
  - {fileID: 6353326033955572094}
  m_Father: {fileID: 6353326034212699530}
  m_RootOrder: 5
  m_LocalEulerAnglesHint: {x: 0, y: 0, z: 0}
--- !u!1 &6353326033949226644
GameObject:
  m_ObjectHideFlags: 0
  m_CorrespondingSourceObject: {fileID: 0}
  m_PrefabInstance: {fileID: 0}
  m_PrefabAsset: {fileID: 0}
  serializedVersion: 6
  m_Component:
  - component: {fileID: 6353326033949226647}
  m_Layer: 0
  m_Name: MovePosShark
  m_TagString: Untagged
  m_Icon: {fileID: 0}
  m_NavMeshLayer: 0
  m_StaticEditorFlags: 0
  m_IsActive: 1
--- !u!4 &6353326033949226647
Transform:
  m_ObjectHideFlags: 0
  m_CorrespondingSourceObject: {fileID: 0}
  m_PrefabInstance: {fileID: 0}
  m_PrefabAsset: {fileID: 0}
  m_GameObject: {fileID: 6353326033949226644}
  m_LocalRotation: {x: -0, y: -0, z: -0, w: 1}
  m_LocalPosition: {x: 6.58, y: 0.57, z: -5.13}
  m_LocalScale: {x: 1, y: 2, z: 1}
  m_Children: []
  m_Father: {fileID: 6353326032617754638}
  m_RootOrder: 9
  m_LocalEulerAnglesHint: {x: 0, y: 0, z: 0}
--- !u!1 &6353326033949250228
GameObject:
  m_ObjectHideFlags: 0
  m_CorrespondingSourceObject: {fileID: 0}
  m_PrefabInstance: {fileID: 0}
  m_PrefabAsset: {fileID: 0}
  serializedVersion: 6
  m_Component:
  - component: {fileID: 6353326033949250231}
  - component: {fileID: 6353326033949250230}
  m_Layer: 0
  m_Name: Directional Light Shadows
  m_TagString: Untagged
  m_Icon: {fileID: 0}
  m_NavMeshLayer: 0
  m_StaticEditorFlags: 0
  m_IsActive: 1
--- !u!4 &6353326033949250231
Transform:
  m_ObjectHideFlags: 0
  m_CorrespondingSourceObject: {fileID: 0}
  m_PrefabInstance: {fileID: 0}
  m_PrefabAsset: {fileID: 0}
  m_GameObject: {fileID: 6353326033949250228}
  m_LocalRotation: {x: 0.7071068, y: -0, z: -0, w: 0.7071068}
  m_LocalPosition: {x: 0, y: 11.74, z: 0}
  m_LocalScale: {x: 1, y: 1, z: 1}
  m_Children: []
  m_Father: {fileID: 6353326033767400847}
  m_RootOrder: 0
  m_LocalEulerAnglesHint: {x: 90, y: 0, z: 0}
--- !u!108 &6353326033949250230
Light:
  m_ObjectHideFlags: 0
  m_CorrespondingSourceObject: {fileID: 0}
  m_PrefabInstance: {fileID: 0}
  m_PrefabAsset: {fileID: 0}
  m_GameObject: {fileID: 6353326033949250228}
  m_Enabled: 1
  serializedVersion: 10
  m_Type: 1
  m_Shape: 0
  m_Color: {r: 1, g: 1, b: 1, a: 1}
  m_Intensity: 0.46
  m_Range: 10
  m_SpotAngle: 30
  m_InnerSpotAngle: 21.80208
  m_CookieSize: 10
  m_Shadows:
    m_Type: 2
    m_Resolution: -1
    m_CustomResolution: -1
    m_Strength: 1
    m_Bias: 0
    m_NormalBias: 0
    m_NearPlane: 0.1
    m_CullingMatrixOverride:
      e00: 1
      e01: 0
      e02: 0
      e03: 0
      e10: 0
      e11: 1
      e12: 0
      e13: 0
      e20: 0
      e21: 0
      e22: 1
      e23: 0
      e30: 0
      e31: 0
      e32: 0
      e33: 1
    m_UseCullingMatrixOverride: 0
  m_Cookie: {fileID: 0}
  m_DrawHalo: 0
  m_Flare: {fileID: 0}
  m_RenderMode: 0
  m_CullingMask:
    serializedVersion: 2
    m_Bits: 4294967295
  m_RenderingLayerMask: 1
  m_Lightmapping: 4
  m_LightShadowCasterMode: 0
  m_AreaSize: {x: 1, y: 1}
  m_BounceIntensity: 1
  m_ColorTemperature: 6570
  m_UseColorTemperature: 0
  m_BoundingSphereOverride: {x: 0, y: 0, z: 0, w: 0}
  m_UseBoundingSphereOverride: 0
  m_ShadowRadius: 0
  m_ShadowAngle: 0
--- !u!1 &6353326033955572095
GameObject:
  m_ObjectHideFlags: 0
  m_CorrespondingSourceObject: {fileID: 0}
  m_PrefabInstance: {fileID: 0}
  m_PrefabAsset: {fileID: 0}
  serializedVersion: 6
  m_Component:
  - component: {fileID: 6353326033955572094}
  - component: {fileID: 6353326033955571841}
  m_Layer: 0
  m_Name: Directional Light
  m_TagString: Untagged
  m_Icon: {fileID: 0}
  m_NavMeshLayer: 0
  m_StaticEditorFlags: 0
  m_IsActive: 1
--- !u!4 &6353326033955572094
Transform:
  m_ObjectHideFlags: 0
  m_CorrespondingSourceObject: {fileID: 0}
  m_PrefabInstance: {fileID: 0}
  m_PrefabAsset: {fileID: 0}
  m_GameObject: {fileID: 6353326033955572095}
  m_LocalRotation: {x: 0.22846107, y: -0.23538414, z: 0.18387173, w: 0.9266019}
  m_LocalPosition: {x: 0, y: 11.74, z: 0}
  m_LocalScale: {x: 1, y: 1, z: 1}
  m_Children: []
  m_Father: {fileID: 6353326033767400847}
  m_RootOrder: 1
  m_LocalEulerAnglesHint: {x: 30.660002, y: -24.169, z: 15.7300005}
--- !u!108 &6353326033955571841
Light:
  m_ObjectHideFlags: 0
  m_CorrespondingSourceObject: {fileID: 0}
  m_PrefabInstance: {fileID: 0}
  m_PrefabAsset: {fileID: 0}
  m_GameObject: {fileID: 6353326033955572095}
  m_Enabled: 1
  serializedVersion: 10
  m_Type: 1
  m_Shape: 0
  m_Color: {r: 1, g: 1, b: 1, a: 1}
  m_Intensity: 0.46
  m_Range: 10
  m_SpotAngle: 30
  m_InnerSpotAngle: 21.80208
  m_CookieSize: 10
  m_Shadows:
    m_Type: 0
    m_Resolution: -1
    m_CustomResolution: -1
    m_Strength: 1
    m_Bias: 0.05
    m_NormalBias: 0.4
    m_NearPlane: 0.2
    m_CullingMatrixOverride:
      e00: 1
      e01: 0
      e02: 0
      e03: 0
      e10: 0
      e11: 1
      e12: 0
      e13: 0
      e20: 0
      e21: 0
      e22: 1
      e23: 0
      e30: 0
      e31: 0
      e32: 0
      e33: 1
    m_UseCullingMatrixOverride: 0
  m_Cookie: {fileID: 0}
  m_DrawHalo: 0
  m_Flare: {fileID: 0}
  m_RenderMode: 0
  m_CullingMask:
    serializedVersion: 2
    m_Bits: 4294967295
  m_RenderingLayerMask: 1
  m_Lightmapping: 4
  m_LightShadowCasterMode: 0
  m_AreaSize: {x: 1, y: 1}
  m_BounceIntensity: 1
  m_ColorTemperature: 6570
  m_UseColorTemperature: 0
  m_BoundingSphereOverride: {x: 0, y: 0, z: 0, w: 0}
  m_UseBoundingSphereOverride: 0
  m_ShadowRadius: 0
  m_ShadowAngle: 0
--- !u!1 &6353326034024119773
GameObject:
  m_ObjectHideFlags: 0
  m_CorrespondingSourceObject: {fileID: 0}
  m_PrefabInstance: {fileID: 0}
  m_PrefabAsset: {fileID: 0}
  serializedVersion: 6
  m_Component:
  - component: {fileID: 6353326034024119772}
  m_Layer: 0
  m_Name: CloudRoot
  m_TagString: Untagged
  m_Icon: {fileID: 0}
  m_NavMeshLayer: 0
  m_StaticEditorFlags: 0
  m_IsActive: 1
--- !u!4 &6353326034024119772
Transform:
  m_ObjectHideFlags: 0
  m_CorrespondingSourceObject: {fileID: 0}
  m_PrefabInstance: {fileID: 0}
  m_PrefabAsset: {fileID: 0}
  m_GameObject: {fileID: 6353326034024119773}
  m_LocalRotation: {x: 0, y: 0, z: 0, w: 1}
  m_LocalPosition: {x: 0, y: 0, z: 0}
  m_LocalScale: {x: 1, y: 1, z: 1}
  m_Children:
  - {fileID: 6353326034319831969}
  m_Father: {fileID: 6353326034212699530}
  m_RootOrder: 4
  m_LocalEulerAnglesHint: {x: 0, y: 0, z: 0}
--- !u!1 &6353326034114781627
GameObject:
  m_ObjectHideFlags: 0
  m_CorrespondingSourceObject: {fileID: 0}
  m_PrefabInstance: {fileID: 0}
  m_PrefabAsset: {fileID: 0}
  serializedVersion: 6
  m_Component:
  - component: {fileID: 6353326034114781626}
  m_Layer: 0
  m_Name: MovePos (1)
  m_TagString: Untagged
  m_Icon: {fileID: 0}
  m_NavMeshLayer: 0
  m_StaticEditorFlags: 0
  m_IsActive: 1
--- !u!4 &6353326034114781626
Transform:
  m_ObjectHideFlags: 0
  m_CorrespondingSourceObject: {fileID: 0}
  m_PrefabInstance: {fileID: 0}
  m_PrefabAsset: {fileID: 0}
  m_GameObject: {fileID: 6353326034114781627}
  m_LocalRotation: {x: -0, y: -0, z: -0, w: 1}
  m_LocalPosition: {x: 10.26, y: 1.888, z: -1.18}
  m_LocalScale: {x: 1, y: 2, z: 1}
  m_Children: []
  m_Father: {fileID: 6353326032617754638}
  m_RootOrder: 5
  m_LocalEulerAnglesHint: {x: 0, y: 0, z: 0}
--- !u!1 &6353326034212699531
GameObject:
  m_ObjectHideFlags: 0
  m_CorrespondingSourceObject: {fileID: 0}
  m_PrefabInstance: {fileID: 0}
  m_PrefabAsset: {fileID: 0}
  serializedVersion: 6
  m_Component:
  - component: {fileID: 6353326034212699530}
  - component: {fileID: 6353326034212699533}
  m_Layer: 0
  m_Name: Level_0_0
  m_TagString: Untagged
  m_Icon: {fileID: 0}
  m_NavMeshLayer: 0
  m_StaticEditorFlags: 0
  m_IsActive: 1
--- !u!4 &6353326034212699530
Transform:
  m_ObjectHideFlags: 0
  m_CorrespondingSourceObject: {fileID: 0}
  m_PrefabInstance: {fileID: 0}
  m_PrefabAsset: {fileID: 0}
  m_GameObject: {fileID: 6353326034212699531}
  m_LocalRotation: {x: 0, y: 0, z: 0, w: 1}
  m_LocalPosition: {x: 0, y: 0, z: 0}
  m_LocalScale: {x: 1, y: 1, z: 1}
  m_Children:
  - {fileID: 6353326033286358473}
  - {fileID: 6353326033735540081}
  - {fileID: 6353326034681245148}
  - {fileID: 6353326032617754638}
  - {fileID: 6353326034024119772}
  - {fileID: 6353326033767400847}
  m_Father: {fileID: 0}
  m_RootOrder: 0
  m_LocalEulerAnglesHint: {x: 0, y: 0, z: 0}
--- !u!114 &6353326034212699533
MonoBehaviour:
  m_ObjectHideFlags: 0
  m_CorrespondingSourceObject: {fileID: 0}
  m_PrefabInstance: {fileID: 0}
  m_PrefabAsset: {fileID: 0}
  m_GameObject: {fileID: 6353326034212699531}
  m_Enabled: 1
  m_EditorHideFlags: 0
  m_Script: {fileID: 11500000, guid: a84262d2592a99f459357431bcbce6f5, type: 3}
  m_Name: 
  m_EditorClassIdentifier: 
  m_MovieMgr: {fileID: 6353326033735540080}
  m_LstPropFloe:
  - {fileID: 6052185150119317327}
  - {fileID: 6052185150466739741}
  - {fileID: 6052185150374106450}
  - {fileID: 6052185151670198369}
  m_StartPropFloe: {fileID: 5008365990669709324}
  m_TrsPenguin: {fileID: 5111175795026283383}
  m_TrsShark: {fileID: 6226389913165249495}
  m_LstTrsMovePos:
  - {fileID: 6992404536929426383}
  - {fileID: 6992404537343826589}
  - {fileID: 6992404537184272850}
  - {fileID: 6992404538555741409}
  - {fileID: 6353326034114781626}
  - {fileID: 6353326032655804253}
  m_TrsSharkPos: {fileID: 6353326033949226647}
--- !u!111 &2069714263128859561
Animation:
  m_ObjectHideFlags: 0
  m_CorrespondingSourceObject: {fileID: 0}
  m_PrefabInstance: {fileID: 0}
  m_PrefabAsset: {fileID: 0}
  m_GameObject: {fileID: 6353326034319831966}
  m_Enabled: 1
  serializedVersion: 3
  m_Animation: {fileID: -2681532106733014122, guid: b6bd8698771e28f4d86d5d44e58158f3,
    type: 3}
  m_Animations:
  - {fileID: -2681532106733014122, guid: b6bd8698771e28f4d86d5d44e58158f3, type: 3}
  m_WrapMode: 0
  m_PlayAutomatically: 1
  m_AnimatePhysics: 0
  m_CullingType: 0
--- !u!1 &6353326034681245149
GameObject:
  m_ObjectHideFlags: 0
  m_CorrespondingSourceObject: {fileID: 0}
  m_PrefabInstance: {fileID: 0}
  m_PrefabAsset: {fileID: 0}
  serializedVersion: 6
  m_Component:
  - component: {fileID: 6353326034681245148}
  m_Layer: 0
  m_Name: GroundRoot
  m_TagString: Untagged
  m_Icon: {fileID: 0}
  m_NavMeshLayer: 0
  m_StaticEditorFlags: 0
  m_IsActive: 1
--- !u!4 &6353326034681245148
Transform:
  m_ObjectHideFlags: 0
  m_CorrespondingSourceObject: {fileID: 0}
  m_PrefabInstance: {fileID: 0}
  m_PrefabAsset: {fileID: 0}
  m_GameObject: {fileID: 6353326034681245149}
  m_LocalRotation: {x: 0, y: 0, z: 0, w: 1}
  m_LocalPosition: {x: 0, y: 0, z: 0}
  m_LocalScale: {x: 1, y: 1, z: 1}
  m_Children:
  - {fileID: 3448300392374407733}
  m_Father: {fileID: 6353326034212699530}
  m_RootOrder: 2
  m_LocalEulerAnglesHint: {x: 0, y: 0, z: 0}
--- !u!1001 &57865077430681663
PrefabInstance:
  m_ObjectHideFlags: 0
  serializedVersion: 2
  m_Modification:
    m_TransformParent: {fileID: 6353326034024119772}
    m_Modifications:
    - target: {fileID: 6063945677256930889, guid: 4dbd4045d317e5248a4b1acfac4795ef,
        type: 3}
      propertyPath: m_IsActive
      value: 0
      objectReference: {fileID: 0}
    - target: {fileID: 6405842321312052126, guid: 4dbd4045d317e5248a4b1acfac4795ef,
        type: 3}
      propertyPath: m_RootOrder
      value: 0
      objectReference: {fileID: 0}
    - target: {fileID: 6405842321312052126, guid: 4dbd4045d317e5248a4b1acfac4795ef,
        type: 3}
      propertyPath: m_LocalPosition.x
      value: 9
      objectReference: {fileID: 0}
    - target: {fileID: 6405842321312052126, guid: 4dbd4045d317e5248a4b1acfac4795ef,
        type: 3}
      propertyPath: m_LocalPosition.y
      value: 7
      objectReference: {fileID: 0}
    - target: {fileID: 6405842321312052126, guid: 4dbd4045d317e5248a4b1acfac4795ef,
        type: 3}
      propertyPath: m_LocalPosition.z
      value: -11
      objectReference: {fileID: 0}
    - target: {fileID: 6405842321312052126, guid: 4dbd4045d317e5248a4b1acfac4795ef,
        type: 3}
      propertyPath: m_LocalRotation.w
      value: 1
      objectReference: {fileID: 0}
    - target: {fileID: 6405842321312052126, guid: 4dbd4045d317e5248a4b1acfac4795ef,
        type: 3}
      propertyPath: m_LocalRotation.x
      value: -0
      objectReference: {fileID: 0}
    - target: {fileID: 6405842321312052126, guid: 4dbd4045d317e5248a4b1acfac4795ef,
        type: 3}
      propertyPath: m_LocalRotation.y
      value: -0
      objectReference: {fileID: 0}
    - target: {fileID: 6405842321312052126, guid: 4dbd4045d317e5248a4b1acfac4795ef,
        type: 3}
      propertyPath: m_LocalRotation.z
      value: -0
      objectReference: {fileID: 0}
    - target: {fileID: 6405842321312052126, guid: 4dbd4045d317e5248a4b1acfac4795ef,
        type: 3}
      propertyPath: m_LocalEulerAnglesHint.x
      value: 0
      objectReference: {fileID: 0}
    - target: {fileID: 6405842321312052126, guid: 4dbd4045d317e5248a4b1acfac4795ef,
        type: 3}
      propertyPath: m_LocalEulerAnglesHint.y
      value: 0
      objectReference: {fileID: 0}
    - target: {fileID: 6405842321312052126, guid: 4dbd4045d317e5248a4b1acfac4795ef,
        type: 3}
      propertyPath: m_LocalEulerAnglesHint.z
      value: 0
      objectReference: {fileID: 0}
    - target: {fileID: 6405842321312052129, guid: 4dbd4045d317e5248a4b1acfac4795ef,
        type: 3}
      propertyPath: m_Name
      value: Cloud
      objectReference: {fileID: 0}
    m_RemovedComponents: []
  m_SourcePrefab: {fileID: 100100000, guid: 4dbd4045d317e5248a4b1acfac4795ef, type: 3}
--- !u!1 &6353326034319831966 stripped
GameObject:
  m_CorrespondingSourceObject: {fileID: 6405842321312052129, guid: 4dbd4045d317e5248a4b1acfac4795ef,
    type: 3}
  m_PrefabInstance: {fileID: 57865077430681663}
  m_PrefabAsset: {fileID: 0}
--- !u!4 &6353326034319831969 stripped
Transform:
  m_CorrespondingSourceObject: {fileID: 6405842321312052126, guid: 4dbd4045d317e5248a4b1acfac4795ef,
    type: 3}
  m_PrefabInstance: {fileID: 57865077430681663}
  m_PrefabAsset: {fileID: 0}
--- !u!1001 &2120799262979502220
PrefabInstance:
  m_ObjectHideFlags: 0
  serializedVersion: 2
  m_Modification:
    m_TransformParent: {fileID: 6353326032617754638}
    m_Modifications:
    - target: {fileID: 7333770206792297191, guid: e52d0a762b33a1942961b1cf80ededf2,
        type: 3}
      propertyPath: m_RootOrder
      value: 8
      objectReference: {fileID: 0}
    - target: {fileID: 7333770206792297191, guid: e52d0a762b33a1942961b1cf80ededf2,
        type: 3}
      propertyPath: m_LocalPosition.x
      value: 4.43
      objectReference: {fileID: 0}
    - target: {fileID: 7333770206792297191, guid: e52d0a762b33a1942961b1cf80ededf2,
        type: 3}
      propertyPath: m_LocalPosition.y
      value: 0.13
      objectReference: {fileID: 0}
    - target: {fileID: 7333770206792297191, guid: e52d0a762b33a1942961b1cf80ededf2,
        type: 3}
      propertyPath: m_LocalPosition.z
      value: -10.58
      objectReference: {fileID: 0}
    - target: {fileID: 7333770206792297191, guid: e52d0a762b33a1942961b1cf80ededf2,
        type: 3}
      propertyPath: m_LocalRotation.w
      value: 0.6297273
      objectReference: {fileID: 0}
    - target: {fileID: 7333770206792297191, guid: e52d0a762b33a1942961b1cf80ededf2,
        type: 3}
      propertyPath: m_LocalRotation.x
      value: 0
      objectReference: {fileID: 0}
    - target: {fileID: 7333770206792297191, guid: e52d0a762b33a1942961b1cf80ededf2,
        type: 3}
      propertyPath: m_LocalRotation.y
      value: 0.77681625
      objectReference: {fileID: 0}
    - target: {fileID: 7333770206792297191, guid: e52d0a762b33a1942961b1cf80ededf2,
        type: 3}
      propertyPath: m_LocalRotation.z
      value: 0
      objectReference: {fileID: 0}
    - target: {fileID: 7333770206792297191, guid: e52d0a762b33a1942961b1cf80ededf2,
        type: 3}
      propertyPath: m_LocalEulerAnglesHint.x
      value: 0
      objectReference: {fileID: 0}
    - target: {fileID: 7333770206792297191, guid: e52d0a762b33a1942961b1cf80ededf2,
        type: 3}
      propertyPath: m_LocalEulerAnglesHint.y
      value: 101.94
      objectReference: {fileID: 0}
    - target: {fileID: 7333770206792297191, guid: e52d0a762b33a1942961b1cf80ededf2,
        type: 3}
      propertyPath: m_LocalEulerAnglesHint.z
      value: 0
      objectReference: {fileID: 0}
    - target: {fileID: 7966051392936931421, guid: e52d0a762b33a1942961b1cf80ededf2,
        type: 3}
      propertyPath: m_Name
      value: Shark
      objectReference: {fileID: 0}
    m_RemovedComponents: []
  m_SourcePrefab: {fileID: 100100000, guid: e52d0a762b33a1942961b1cf80ededf2, type: 3}
--- !u!4 &8694303074111396459 stripped
Transform:
  m_CorrespondingSourceObject: {fileID: 7333770206792297191, guid: e52d0a762b33a1942961b1cf80ededf2,
    type: 3}
  m_PrefabInstance: {fileID: 2120799262979502220}
  m_PrefabAsset: {fileID: 0}
--- !u!114 &6226389913165249495 stripped
MonoBehaviour:
  m_CorrespondingSourceObject: {fileID: -3817360256518354085, guid: e52d0a762b33a1942961b1cf80ededf2,
    type: 3}
  m_PrefabInstance: {fileID: 2120799262979502220}
  m_PrefabAsset: {fileID: 0}
  m_GameObject: {fileID: 0}
  m_Enabled: 1
  m_EditorHideFlags: 0
  m_Script: {fileID: 11500000, guid: af4b03601fe477147b06ee754dac9690, type: 3}
  m_Name: 
  m_EditorClassIdentifier: 
--- !u!1001 &5051828437161041253
PrefabInstance:
  m_ObjectHideFlags: 0
  serializedVersion: 2
  m_Modification:
    m_TransformParent: {fileID: 6353326034319831969}
    m_Modifications:
    - target: {fileID: -8679921383154817045, guid: b6bd8698771e28f4d86d5d44e58158f3,
        type: 3}
      propertyPath: m_RootOrder
      value: 4
      objectReference: {fileID: 0}
    - target: {fileID: -8679921383154817045, guid: b6bd8698771e28f4d86d5d44e58158f3,
        type: 3}
      propertyPath: m_LocalPosition.x
      value: 0
      objectReference: {fileID: 0}
    - target: {fileID: -8679921383154817045, guid: b6bd8698771e28f4d86d5d44e58158f3,
        type: 3}
      propertyPath: m_LocalPosition.y
      value: 0
      objectReference: {fileID: 0}
    - target: {fileID: -8679921383154817045, guid: b6bd8698771e28f4d86d5d44e58158f3,
        type: 3}
      propertyPath: m_LocalPosition.z
      value: 0
      objectReference: {fileID: 0}
    - target: {fileID: -8679921383154817045, guid: b6bd8698771e28f4d86d5d44e58158f3,
        type: 3}
      propertyPath: m_LocalRotation.w
      value: 1
      objectReference: {fileID: 0}
    - target: {fileID: -8679921383154817045, guid: b6bd8698771e28f4d86d5d44e58158f3,
        type: 3}
      propertyPath: m_LocalRotation.x
      value: 0
      objectReference: {fileID: 0}
    - target: {fileID: -8679921383154817045, guid: b6bd8698771e28f4d86d5d44e58158f3,
        type: 3}
      propertyPath: m_LocalRotation.y
      value: 0
      objectReference: {fileID: 0}
    - target: {fileID: -8679921383154817045, guid: b6bd8698771e28f4d86d5d44e58158f3,
        type: 3}
      propertyPath: m_LocalRotation.z
      value: 0
      objectReference: {fileID: 0}
    - target: {fileID: -8679921383154817045, guid: b6bd8698771e28f4d86d5d44e58158f3,
        type: 3}
      propertyPath: m_LocalEulerAnglesHint.x
      value: 0
      objectReference: {fileID: 0}
    - target: {fileID: -8679921383154817045, guid: b6bd8698771e28f4d86d5d44e58158f3,
        type: 3}
      propertyPath: m_LocalEulerAnglesHint.y
      value: 0
      objectReference: {fileID: 0}
    - target: {fileID: -8679921383154817045, guid: b6bd8698771e28f4d86d5d44e58158f3,
        type: 3}
      propertyPath: m_LocalEulerAnglesHint.z
      value: 0
      objectReference: {fileID: 0}
    - target: {fileID: -5071194184517566833, guid: b6bd8698771e28f4d86d5d44e58158f3,
        type: 3}
      propertyPath: m_Materials.Array.data[0]
      value: 
      objectReference: {fileID: 2100000, guid: c4fa1085040c8774fb54d8739e05e991, type: 2}
    - target: {fileID: 919132149155446097, guid: b6bd8698771e28f4d86d5d44e58158f3,
        type: 3}
      propertyPath: m_Name
      value: TC_Yun_002
      objectReference: {fileID: 0}
    m_RemovedComponents: []
  m_SourcePrefab: {fileID: 100100000, guid: b6bd8698771e28f4d86d5d44e58158f3, type: 3}
--- !u!1001 &5645095405941272339
PrefabInstance:
  m_ObjectHideFlags: 0
  serializedVersion: 2
  m_Modification:
    m_TransformParent: {fileID: 6353326032617754638}
    m_Modifications:
    - target: {fileID: 6355220596317637270, guid: 47a06b54c6db7a34ba37ff0059b065f9,
        type: 3}
      propertyPath: m_Name
      value: Floe
      objectReference: {fileID: 0}
    - target: {fileID: 6733577778468607146, guid: 47a06b54c6db7a34ba37ff0059b065f9,
        type: 3}
      propertyPath: m_RootOrder
      value: 0
      objectReference: {fileID: 0}
    - target: {fileID: 6733577778468607146, guid: 47a06b54c6db7a34ba37ff0059b065f9,
        type: 3}
      propertyPath: m_LocalScale.y
      value: 2
      objectReference: {fileID: 0}
    - target: {fileID: 6733577778468607146, guid: 47a06b54c6db7a34ba37ff0059b065f9,
        type: 3}
      propertyPath: m_LocalPosition.x
      value: 12.46524
      objectReference: {fileID: 0}
    - target: {fileID: 6733577778468607146, guid: 47a06b54c6db7a34ba37ff0059b065f9,
        type: 3}
      propertyPath: m_LocalPosition.y
      value: -1.0208001
      objectReference: {fileID: 0}
    - target: {fileID: 6733577778468607146, guid: 47a06b54c6db7a34ba37ff0059b065f9,
        type: 3}
      propertyPath: m_LocalPosition.z
      value: -12.73499
      objectReference: {fileID: 0}
    - target: {fileID: 6733577778468607146, guid: 47a06b54c6db7a34ba37ff0059b065f9,
        type: 3}
      propertyPath: m_LocalRotation.w
      value: 1
      objectReference: {fileID: 0}
    - target: {fileID: 6733577778468607146, guid: 47a06b54c6db7a34ba37ff0059b065f9,
        type: 3}
      propertyPath: m_LocalRotation.x
      value: 0
      objectReference: {fileID: 0}
    - target: {fileID: 6733577778468607146, guid: 47a06b54c6db7a34ba37ff0059b065f9,
        type: 3}
      propertyPath: m_LocalRotation.y
      value: 0
      objectReference: {fileID: 0}
    - target: {fileID: 6733577778468607146, guid: 47a06b54c6db7a34ba37ff0059b065f9,
        type: 3}
      propertyPath: m_LocalRotation.z
      value: 0
      objectReference: {fileID: 0}
    - target: {fileID: 6733577778468607146, guid: 47a06b54c6db7a34ba37ff0059b065f9,
        type: 3}
      propertyPath: m_LocalEulerAnglesHint.x
      value: 0
      objectReference: {fileID: 0}
    - target: {fileID: 6733577778468607146, guid: 47a06b54c6db7a34ba37ff0059b065f9,
        type: 3}
      propertyPath: m_LocalEulerAnglesHint.y
      value: 0
      objectReference: {fileID: 0}
    - target: {fileID: 6733577778468607146, guid: 47a06b54c6db7a34ba37ff0059b065f9,
        type: 3}
      propertyPath: m_LocalEulerAnglesHint.z
      value: 0
      objectReference: {fileID: 0}
    m_RemovedComponents: []
  m_SourcePrefab: {fileID: 100100000, guid: 47a06b54c6db7a34ba37ff0059b065f9, type: 3}
--- !u!4 &1379527606701161401 stripped
Transform:
  m_CorrespondingSourceObject: {fileID: 6733577778468607146, guid: 47a06b54c6db7a34ba37ff0059b065f9,
    type: 3}
  m_PrefabInstance: {fileID: 5645095405941272339}
  m_PrefabAsset: {fileID: 0}
--- !u!114 &5008365990669709324 stripped
MonoBehaviour:
  m_CorrespondingSourceObject: {fileID: 852906604055650079, guid: 47a06b54c6db7a34ba37ff0059b065f9,
    type: 3}
  m_PrefabInstance: {fileID: 5645095405941272339}
  m_PrefabAsset: {fileID: 0}
  m_GameObject: {fileID: 0}
  m_Enabled: 1
  m_EditorHideFlags: 0
  m_Script: {fileID: 11500000, guid: df6e3c665c3a94949bfba7fb02a66901, type: 3}
  m_Name: 
  m_EditorClassIdentifier: 
--- !u!1001 &6353326032562721026
PrefabInstance:
  m_ObjectHideFlags: 0
  serializedVersion: 2
  m_Modification:
    m_TransformParent: {fileID: 6353326032617754638}
    m_Modifications:
    - target: {fileID: 852906604055650079, guid: 47a06b54c6db7a34ba37ff0059b065f9,
        type: 3}
      propertyPath: isHide
      value: 1
      objectReference: {fileID: 0}
    - target: {fileID: 6355220596317637270, guid: 47a06b54c6db7a34ba37ff0059b065f9,
        type: 3}
      propertyPath: m_Name
      value: Floe (2)
      objectReference: {fileID: 0}
    - target: {fileID: 6733577778468607146, guid: 47a06b54c6db7a34ba37ff0059b065f9,
        type: 3}
      propertyPath: m_RootOrder
      value: 2
      objectReference: {fileID: 0}
    - target: {fileID: 6733577778468607146, guid: 47a06b54c6db7a34ba37ff0059b065f9,
        type: 3}
      propertyPath: m_LocalScale.y
      value: 2
      objectReference: {fileID: 0}
    - target: {fileID: 6733577778468607146, guid: 47a06b54c6db7a34ba37ff0059b065f9,
        type: 3}
      propertyPath: m_LocalPosition.x
      value: 10.37
      objectReference: {fileID: 0}
    - target: {fileID: 6733577778468607146, guid: 47a06b54c6db7a34ba37ff0059b065f9,
        type: 3}
      propertyPath: m_LocalPosition.y
      value: -0.72
      objectReference: {fileID: 0}
    - target: {fileID: 6733577778468607146, guid: 47a06b54c6db7a34ba37ff0059b065f9,
        type: 3}
      propertyPath: m_LocalPosition.z
      value: -8.5
      objectReference: {fileID: 0}
    - target: {fileID: 6733577778468607146, guid: 47a06b54c6db7a34ba37ff0059b065f9,
        type: 3}
      propertyPath: m_LocalRotation.w
      value: 0.83049875
      objectReference: {fileID: 0}
    - target: {fileID: 6733577778468607146, guid: 47a06b54c6db7a34ba37ff0059b065f9,
        type: 3}
      propertyPath: m_LocalRotation.x
      value: 0
      objectReference: {fileID: 0}
    - target: {fileID: 6733577778468607146, guid: 47a06b54c6db7a34ba37ff0059b065f9,
        type: 3}
      propertyPath: m_LocalRotation.y
      value: 0.5570205
      objectReference: {fileID: 0}
    - target: {fileID: 6733577778468607146, guid: 47a06b54c6db7a34ba37ff0059b065f9,
        type: 3}
      propertyPath: m_LocalRotation.z
      value: 0
      objectReference: {fileID: 0}
    - target: {fileID: 6733577778468607146, guid: 47a06b54c6db7a34ba37ff0059b065f9,
        type: 3}
      propertyPath: m_LocalEulerAnglesHint.x
      value: 0
      objectReference: {fileID: 0}
    - target: {fileID: 6733577778468607146, guid: 47a06b54c6db7a34ba37ff0059b065f9,
        type: 3}
      propertyPath: m_LocalEulerAnglesHint.y
      value: 67.7
      objectReference: {fileID: 0}
    - target: {fileID: 6733577778468607146, guid: 47a06b54c6db7a34ba37ff0059b065f9,
        type: 3}
      propertyPath: m_LocalEulerAnglesHint.z
      value: 0
      objectReference: {fileID: 0}
    m_RemovedComponents: []
  m_SourcePrefab: {fileID: 100100000, guid: 47a06b54c6db7a34ba37ff0059b065f9, type: 3}
--- !u!4 &6992404537343826589 stripped
Transform:
  m_CorrespondingSourceObject: {fileID: 4116728475167083423, guid: 47a06b54c6db7a34ba37ff0059b065f9,
    type: 3}
  m_PrefabInstance: {fileID: 6353326032562721026}
  m_PrefabAsset: {fileID: 0}
--- !u!4 &385608682524722600 stripped
Transform:
  m_CorrespondingSourceObject: {fileID: 6733577778468607146, guid: 47a06b54c6db7a34ba37ff0059b065f9,
    type: 3}
  m_PrefabInstance: {fileID: 6353326032562721026}
  m_PrefabAsset: {fileID: 0}
--- !u!114 &6052185150466739741 stripped
MonoBehaviour:
  m_CorrespondingSourceObject: {fileID: 852906604055650079, guid: 47a06b54c6db7a34ba37ff0059b065f9,
    type: 3}
  m_PrefabInstance: {fileID: 6353326032562721026}
  m_PrefabAsset: {fileID: 0}
  m_GameObject: {fileID: 0}
  m_Enabled: 1
  m_EditorHideFlags: 0
  m_Script: {fileID: 11500000, guid: df6e3c665c3a94949bfba7fb02a66901, type: 3}
  m_Name: 
  m_EditorClassIdentifier: 
--- !u!1001 &6353326032738781773
PrefabInstance:
  m_ObjectHideFlags: 0
  serializedVersion: 2
  m_Modification:
    m_TransformParent: {fileID: 6353326032617754638}
    m_Modifications:
    - target: {fileID: 852906604055650079, guid: 47a06b54c6db7a34ba37ff0059b065f9,
        type: 3}
      propertyPath: isHide
      value: 1
      objectReference: {fileID: 0}
    - target: {fileID: 6355220596317637270, guid: 47a06b54c6db7a34ba37ff0059b065f9,
        type: 3}
      propertyPath: m_Name
      value: Floe (3)
      objectReference: {fileID: 0}
    - target: {fileID: 6733577778468607146, guid: 47a06b54c6db7a34ba37ff0059b065f9,
        type: 3}
      propertyPath: m_RootOrder
      value: 3
      objectReference: {fileID: 0}
    - target: {fileID: 6733577778468607146, guid: 47a06b54c6db7a34ba37ff0059b065f9,
        type: 3}
      propertyPath: m_LocalScale.y
      value: 2
      objectReference: {fileID: 0}
    - target: {fileID: 6733577778468607146, guid: 47a06b54c6db7a34ba37ff0059b065f9,
        type: 3}
      propertyPath: m_LocalPosition.x
      value: 9.15
      objectReference: {fileID: 0}
    - target: {fileID: 6733577778468607146, guid: 47a06b54c6db7a34ba37ff0059b065f9,
        type: 3}
      propertyPath: m_LocalPosition.y
      value: -0.52000004
      objectReference: {fileID: 0}
    - target: {fileID: 6733577778468607146, guid: 47a06b54c6db7a34ba37ff0059b065f9,
        type: 3}
      propertyPath: m_LocalPosition.z
      value: -6.4
      objectReference: {fileID: 0}
    - target: {fileID: 6733577778468607146, guid: 47a06b54c6db7a34ba37ff0059b065f9,
        type: 3}
      propertyPath: m_LocalRotation.w
      value: 0.96247894
      objectReference: {fileID: 0}
    - target: {fileID: 6733577778468607146, guid: 47a06b54c6db7a34ba37ff0059b065f9,
        type: 3}
      propertyPath: m_LocalRotation.x
      value: 0
      objectReference: {fileID: 0}
    - target: {fileID: 6733577778468607146, guid: 47a06b54c6db7a34ba37ff0059b065f9,
        type: 3}
      propertyPath: m_LocalRotation.y
      value: -0.2713564
      objectReference: {fileID: 0}
    - target: {fileID: 6733577778468607146, guid: 47a06b54c6db7a34ba37ff0059b065f9,
        type: 3}
      propertyPath: m_LocalRotation.z
      value: 0
      objectReference: {fileID: 0}
    - target: {fileID: 6733577778468607146, guid: 47a06b54c6db7a34ba37ff0059b065f9,
        type: 3}
      propertyPath: m_LocalEulerAnglesHint.x
      value: 0
      objectReference: {fileID: 0}
    - target: {fileID: 6733577778468607146, guid: 47a06b54c6db7a34ba37ff0059b065f9,
        type: 3}
      propertyPath: m_LocalEulerAnglesHint.y
      value: -31.49
      objectReference: {fileID: 0}
    - target: {fileID: 6733577778468607146, guid: 47a06b54c6db7a34ba37ff0059b065f9,
        type: 3}
      propertyPath: m_LocalEulerAnglesHint.z
      value: 0
      objectReference: {fileID: 0}
    m_RemovedComponents: []
  m_SourcePrefab: {fileID: 100100000, guid: 47a06b54c6db7a34ba37ff0059b065f9, type: 3}
--- !u!4 &6992404537184272850 stripped
Transform:
  m_CorrespondingSourceObject: {fileID: 4116728475167083423, guid: 47a06b54c6db7a34ba37ff0059b065f9,
    type: 3}
  m_PrefabInstance: {fileID: 6353326032738781773}
  m_PrefabAsset: {fileID: 0}
--- !u!114 &6052185150374106450 stripped
MonoBehaviour:
  m_CorrespondingSourceObject: {fileID: 852906604055650079, guid: 47a06b54c6db7a34ba37ff0059b065f9,
    type: 3}
  m_PrefabInstance: {fileID: 6353326032738781773}
  m_PrefabAsset: {fileID: 0}
  m_GameObject: {fileID: 0}
  m_Enabled: 1
  m_EditorHideFlags: 0
  m_Script: {fileID: 11500000, guid: df6e3c665c3a94949bfba7fb02a66901, type: 3}
  m_Name: 
  m_EditorClassIdentifier: 
--- !u!4 &385608682701250279 stripped
Transform:
  m_CorrespondingSourceObject: {fileID: 6733577778468607146, guid: 47a06b54c6db7a34ba37ff0059b065f9,
    type: 3}
  m_PrefabInstance: {fileID: 6353326032738781773}
  m_PrefabAsset: {fileID: 0}
--- !u!1001 &6353326032989442128
PrefabInstance:
  m_ObjectHideFlags: 0
  serializedVersion: 2
  m_Modification:
    m_TransformParent: {fileID: 6353326032617754638}
    m_Modifications:
    - target: {fileID: 852906604055650079, guid: 47a06b54c6db7a34ba37ff0059b065f9,
        type: 3}
      propertyPath: isHide
      value: 1
      objectReference: {fileID: 0}
    - target: {fileID: 6355220596317637270, guid: 47a06b54c6db7a34ba37ff0059b065f9,
        type: 3}
      propertyPath: m_Name
      value: Floe (1)
      objectReference: {fileID: 0}
    - target: {fileID: 6733577778468607146, guid: 47a06b54c6db7a34ba37ff0059b065f9,
        type: 3}
      propertyPath: m_RootOrder
      value: 1
      objectReference: {fileID: 0}
    - target: {fileID: 6733577778468607146, guid: 47a06b54c6db7a34ba37ff0059b065f9,
        type: 3}
      propertyPath: m_LocalScale.y
      value: 2
      objectReference: {fileID: 0}
    - target: {fileID: 6733577778468607146, guid: 47a06b54c6db7a34ba37ff0059b065f9,
        type: 3}
      propertyPath: m_LocalPosition.x
      value: 10.92
      objectReference: {fileID: 0}
    - target: {fileID: 6733577778468607146, guid: 47a06b54c6db7a34ba37ff0059b065f9,
        type: 3}
      propertyPath: m_LocalPosition.y
      value: -0.85
      objectReference: {fileID: 0}
    - target: {fileID: 6733577778468607146, guid: 47a06b54c6db7a34ba37ff0059b065f9,
        type: 3}
      propertyPath: m_LocalPosition.z
      value: -10.95
      objectReference: {fileID: 0}
    - target: {fileID: 6733577778468607146, guid: 47a06b54c6db7a34ba37ff0059b065f9,
        type: 3}
      propertyPath: m_LocalRotation.w
      value: 1
      objectReference: {fileID: 0}
    - target: {fileID: 6733577778468607146, guid: 47a06b54c6db7a34ba37ff0059b065f9,
        type: 3}
      propertyPath: m_LocalRotation.x
      value: 0
      objectReference: {fileID: 0}
    - target: {fileID: 6733577778468607146, guid: 47a06b54c6db7a34ba37ff0059b065f9,
        type: 3}
      propertyPath: m_LocalRotation.y
      value: 0
      objectReference: {fileID: 0}
    - target: {fileID: 6733577778468607146, guid: 47a06b54c6db7a34ba37ff0059b065f9,
        type: 3}
      propertyPath: m_LocalRotation.z
      value: 0
      objectReference: {fileID: 0}
    - target: {fileID: 6733577778468607146, guid: 47a06b54c6db7a34ba37ff0059b065f9,
        type: 3}
      propertyPath: m_LocalEulerAnglesHint.x
      value: 0
      objectReference: {fileID: 0}
    - target: {fileID: 6733577778468607146, guid: 47a06b54c6db7a34ba37ff0059b065f9,
        type: 3}
      propertyPath: m_LocalEulerAnglesHint.y
      value: 0
      objectReference: {fileID: 0}
    - target: {fileID: 6733577778468607146, guid: 47a06b54c6db7a34ba37ff0059b065f9,
        type: 3}
      propertyPath: m_LocalEulerAnglesHint.z
      value: 0
      objectReference: {fileID: 0}
    m_RemovedComponents: []
  m_SourcePrefab: {fileID: 100100000, guid: 47a06b54c6db7a34ba37ff0059b065f9, type: 3}
--- !u!4 &6992404536929426383 stripped
Transform:
  m_CorrespondingSourceObject: {fileID: 4116728475167083423, guid: 47a06b54c6db7a34ba37ff0059b065f9,
    type: 3}
  m_PrefabInstance: {fileID: 6353326032989442128}
  m_PrefabAsset: {fileID: 0}
--- !u!114 &6052185150119317327 stripped
MonoBehaviour:
  m_CorrespondingSourceObject: {fileID: 852906604055650079, guid: 47a06b54c6db7a34ba37ff0059b065f9,
    type: 3}
  m_PrefabInstance: {fileID: 6353326032989442128}
  m_PrefabAsset: {fileID: 0}
  m_GameObject: {fileID: 0}
  m_Enabled: 1
  m_EditorHideFlags: 0
  m_Script: {fileID: 11500000, guid: df6e3c665c3a94949bfba7fb02a66901, type: 3}
  m_Name: 
  m_EditorClassIdentifier: 
--- !u!4 &385608682983261434 stripped
Transform:
  m_CorrespondingSourceObject: {fileID: 6733577778468607146, guid: 47a06b54c6db7a34ba37ff0059b065f9,
    type: 3}
  m_PrefabInstance: {fileID: 6353326032989442128}
  m_PrefabAsset: {fileID: 0}
--- !u!1001 &6353326034060444595
PrefabInstance:
  m_ObjectHideFlags: 0
  serializedVersion: 2
  m_Modification:
    m_TransformParent: {fileID: 6353326034681245148}
    m_Modifications:
    - target: {fileID: 1366754659895183953, guid: 12280653bd9512e42b2ededcfcb871a8,
        type: 3}
      propertyPath: m_LocalPosition.x
      value: 2.74
      objectReference: {fileID: 0}
    - target: {fileID: 1366754659895183953, guid: 12280653bd9512e42b2ededcfcb871a8,
        type: 3}
      propertyPath: m_LocalPosition.z
      value: -7.66
      objectReference: {fileID: 0}
    - target: {fileID: 1366754659895488395, guid: 12280653bd9512e42b2ededcfcb871a8,
        type: 3}
      propertyPath: m_Name
      value: shark
      objectReference: {fileID: 0}
    - target: {fileID: 1366754659895488395, guid: 12280653bd9512e42b2ededcfcb871a8,
        type: 3}
      propertyPath: m_IsActive
      value: 0
      objectReference: {fileID: 0}
    - target: {fileID: 8642793278561361882, guid: 12280653bd9512e42b2ededcfcb871a8,
        type: 3}
      propertyPath: m_Layer
      value: 8
      objectReference: {fileID: 0}
    - target: {fileID: 8642793278561596312, guid: 12280653bd9512e42b2ededcfcb871a8,
        type: 3}
      propertyPath: m_LocalPosition.x
      value: 4.68
      objectReference: {fileID: 0}
    - target: {fileID: 8642793278561596312, guid: 12280653bd9512e42b2ededcfcb871a8,
        type: 3}
      propertyPath: m_LocalPosition.y
      value: 0.22
      objectReference: {fileID: 0}
    - target: {fileID: 8642793278561596312, guid: 12280653bd9512e42b2ededcfcb871a8,
        type: 3}
      propertyPath: m_LocalPosition.z
      value: 3.44
      objectReference: {fileID: 0}
    - target: {fileID: 8642793278568862086, guid: 12280653bd9512e42b2ededcfcb871a8,
        type: 3}
      propertyPath: m_RootOrder
      value: 0
      objectReference: {fileID: 0}
    - target: {fileID: 8642793278568862086, guid: 12280653bd9512e42b2ededcfcb871a8,
        type: 3}
      propertyPath: m_LocalScale.x
      value: 1.5
      objectReference: {fileID: 0}
    - target: {fileID: 8642793278568862086, guid: 12280653bd9512e42b2ededcfcb871a8,
        type: 3}
      propertyPath: m_LocalScale.y
      value: 1.5
      objectReference: {fileID: 0}
    - target: {fileID: 8642793278568862086, guid: 12280653bd9512e42b2ededcfcb871a8,
        type: 3}
      propertyPath: m_LocalScale.z
      value: 1.5
      objectReference: {fileID: 0}
    - target: {fileID: 8642793278568862086, guid: 12280653bd9512e42b2ededcfcb871a8,
        type: 3}
      propertyPath: m_LocalPosition.x
      value: 0
      objectReference: {fileID: 0}
    - target: {fileID: 8642793278568862086, guid: 12280653bd9512e42b2ededcfcb871a8,
        type: 3}
      propertyPath: m_LocalPosition.y
      value: 0
      objectReference: {fileID: 0}
    - target: {fileID: 8642793278568862086, guid: 12280653bd9512e42b2ededcfcb871a8,
        type: 3}
      propertyPath: m_LocalPosition.z
      value: 0
      objectReference: {fileID: 0}
    - target: {fileID: 8642793278568862086, guid: 12280653bd9512e42b2ededcfcb871a8,
        type: 3}
      propertyPath: m_LocalRotation.w
      value: 1
      objectReference: {fileID: 0}
    - target: {fileID: 8642793278568862086, guid: 12280653bd9512e42b2ededcfcb871a8,
        type: 3}
      propertyPath: m_LocalRotation.x
      value: 0
      objectReference: {fileID: 0}
    - target: {fileID: 8642793278568862086, guid: 12280653bd9512e42b2ededcfcb871a8,
        type: 3}
      propertyPath: m_LocalRotation.y
      value: 0
      objectReference: {fileID: 0}
    - target: {fileID: 8642793278568862086, guid: 12280653bd9512e42b2ededcfcb871a8,
        type: 3}
      propertyPath: m_LocalRotation.z
      value: 0
      objectReference: {fileID: 0}
    - target: {fileID: 8642793278568862086, guid: 12280653bd9512e42b2ededcfcb871a8,
        type: 3}
      propertyPath: m_LocalEulerAnglesHint.x
      value: 0
      objectReference: {fileID: 0}
    - target: {fileID: 8642793278568862086, guid: 12280653bd9512e42b2ededcfcb871a8,
        type: 3}
      propertyPath: m_LocalEulerAnglesHint.y
      value: 0
      objectReference: {fileID: 0}
    - target: {fileID: 8642793278568862086, guid: 12280653bd9512e42b2ededcfcb871a8,
        type: 3}
      propertyPath: m_LocalEulerAnglesHint.z
      value: 0
      objectReference: {fileID: 0}
    - target: {fileID: 8642793278568862087, guid: 12280653bd9512e42b2ededcfcb871a8,
        type: 3}
      propertyPath: m_Name
      value: cloud_ice
      objectReference: {fileID: 0}
    - target: {fileID: 8642793278587479739, guid: 12280653bd9512e42b2ededcfcb871a8,
        type: 3}
      propertyPath: m_Layer
      value: 8
      objectReference: {fileID: 0}
    - target: {fileID: 8642793279485406297, guid: 12280653bd9512e42b2ededcfcb871a8,
        type: 3}
      propertyPath: m_IsActive
      value: 0
      objectReference: {fileID: 0}
    - target: {fileID: 8642793279855950752, guid: 12280653bd9512e42b2ededcfcb871a8,
        type: 3}
      propertyPath: m_LocalPosition.x
      value: 4.31
      objectReference: {fileID: 0}
    - target: {fileID: 8642793279855950752, guid: 12280653bd9512e42b2ededcfcb871a8,
        type: 3}
      propertyPath: m_LocalPosition.y
      value: 1.38
      objectReference: {fileID: 0}
    - target: {fileID: 8642793279855950752, guid: 12280653bd9512e42b2ededcfcb871a8,
        type: 3}
      propertyPath: m_LocalPosition.z
      value: 3.06
      objectReference: {fileID: 0}
    - target: {fileID: 8642793279856132242, guid: 12280653bd9512e42b2ededcfcb871a8,
        type: 3}
      propertyPath: m_IsActive
      value: 1
      objectReference: {fileID: 0}
    - target: {fileID: 8642793279930835848, guid: 12280653bd9512e42b2ededcfcb871a8,
        type: 3}
      propertyPath: m_Layer
      value: 8
      objectReference: {fileID: 0}
    - target: {fileID: 8642793279930835848, guid: 12280653bd9512e42b2ededcfcb871a8,
        type: 3}
      propertyPath: m_IsActive
      value: 0
      objectReference: {fileID: 0}
    m_RemovedComponents: []
  m_SourcePrefab: {fileID: 100100000, guid: 12280653bd9512e42b2ededcfcb871a8, type: 3}
--- !u!1 &3448300392389879048 stripped
GameObject:
  m_CorrespondingSourceObject: {fileID: 8642793278587479739, guid: 12280653bd9512e42b2ededcfcb871a8,
    type: 3}
  m_PrefabInstance: {fileID: 6353326034060444595}
  m_PrefabAsset: {fileID: 0}
--- !u!4 &3448300392374407733 stripped
Transform:
  m_CorrespondingSourceObject: {fileID: 8642793278568862086, guid: 12280653bd9512e42b2ededcfcb871a8,
    type: 3}
  m_PrefabInstance: {fileID: 6353326034060444595}
  m_PrefabAsset: {fileID: 0}
--- !u!1001 &6353326034579914622
PrefabInstance:
  m_ObjectHideFlags: 0
  serializedVersion: 2
  m_Modification:
    m_TransformParent: {fileID: 6353326032617754638}
    m_Modifications:
    - target: {fileID: 852906604055650079, guid: 47a06b54c6db7a34ba37ff0059b065f9,
        type: 3}
      propertyPath: isHide
      value: 1
      objectReference: {fileID: 0}
    - target: {fileID: 6355220596317637270, guid: 47a06b54c6db7a34ba37ff0059b065f9,
        type: 3}
      propertyPath: m_Name
      value: Floe (4)
      objectReference: {fileID: 0}
    - target: {fileID: 6733577778468607146, guid: 47a06b54c6db7a34ba37ff0059b065f9,
        type: 3}
      propertyPath: m_RootOrder
      value: 4
      objectReference: {fileID: 0}
    - target: {fileID: 6733577778468607146, guid: 47a06b54c6db7a34ba37ff0059b065f9,
        type: 3}
      propertyPath: m_LocalScale.y
      value: 2
      objectReference: {fileID: 0}
    - target: {fileID: 6733577778468607146, guid: 47a06b54c6db7a34ba37ff0059b065f9,
        type: 3}
      propertyPath: m_LocalPosition.x
      value: 10.26
      objectReference: {fileID: 0}
    - target: {fileID: 6733577778468607146, guid: 47a06b54c6db7a34ba37ff0059b065f9,
        type: 3}
      propertyPath: m_LocalPosition.y
      value: -0.26000005
      objectReference: {fileID: 0}
    - target: {fileID: 6733577778468607146, guid: 47a06b54c6db7a34ba37ff0059b065f9,
        type: 3}
      propertyPath: m_LocalPosition.z
      value: -4.09
      objectReference: {fileID: 0}
    - target: {fileID: 6733577778468607146, guid: 47a06b54c6db7a34ba37ff0059b065f9,
        type: 3}
      propertyPath: m_LocalRotation.w
      value: 1
      objectReference: {fileID: 0}
    - target: {fileID: 6733577778468607146, guid: 47a06b54c6db7a34ba37ff0059b065f9,
        type: 3}
      propertyPath: m_LocalRotation.x
      value: 0
      objectReference: {fileID: 0}
    - target: {fileID: 6733577778468607146, guid: 47a06b54c6db7a34ba37ff0059b065f9,
        type: 3}
      propertyPath: m_LocalRotation.y
      value: 0
      objectReference: {fileID: 0}
    - target: {fileID: 6733577778468607146, guid: 47a06b54c6db7a34ba37ff0059b065f9,
        type: 3}
      propertyPath: m_LocalRotation.z
      value: 0
      objectReference: {fileID: 0}
    - target: {fileID: 6733577778468607146, guid: 47a06b54c6db7a34ba37ff0059b065f9,
        type: 3}
      propertyPath: m_LocalEulerAnglesHint.x
      value: 0
      objectReference: {fileID: 0}
    - target: {fileID: 6733577778468607146, guid: 47a06b54c6db7a34ba37ff0059b065f9,
        type: 3}
      propertyPath: m_LocalEulerAnglesHint.y
      value: 0
      objectReference: {fileID: 0}
    - target: {fileID: 6733577778468607146, guid: 47a06b54c6db7a34ba37ff0059b065f9,
        type: 3}
      propertyPath: m_LocalEulerAnglesHint.z
      value: 0
      objectReference: {fileID: 0}
    m_RemovedComponents: []
  m_SourcePrefab: {fileID: 100100000, guid: 47a06b54c6db7a34ba37ff0059b065f9, type: 3}
--- !u!4 &6992404538555741409 stripped
Transform:
  m_CorrespondingSourceObject: {fileID: 4116728475167083423, guid: 47a06b54c6db7a34ba37ff0059b065f9,
    type: 3}
  m_PrefabInstance: {fileID: 6353326034579914622}
  m_PrefabAsset: {fileID: 0}
--- !u!4 &385608682394987476 stripped
Transform:
  m_CorrespondingSourceObject: {fileID: 6733577778468607146, guid: 47a06b54c6db7a34ba37ff0059b065f9,
    type: 3}
  m_PrefabInstance: {fileID: 6353326034579914622}
  m_PrefabAsset: {fileID: 0}
--- !u!114 &6052185151670198369 stripped
MonoBehaviour:
  m_CorrespondingSourceObject: {fileID: 852906604055650079, guid: 47a06b54c6db7a34ba37ff0059b065f9,
    type: 3}
  m_PrefabInstance: {fileID: 6353326034579914622}
  m_PrefabAsset: {fileID: 0}
  m_GameObject: {fileID: 0}
  m_Enabled: 1
  m_EditorHideFlags: 0
  m_Script: {fileID: 11500000, guid: df6e3c665c3a94949bfba7fb02a66901, type: 3}
  m_Name: 
  m_EditorClassIdentifier: 
--- !u!1001 &7541457125549494173
PrefabInstance:
  m_ObjectHideFlags: 0
  serializedVersion: 2
  m_Modification:
    m_TransformParent: {fileID: 6353326034212699530}
    m_Modifications:
    - target: {fileID: 3495689486056106580, guid: 11f5bb57e3bee6b408ea802cf0ab2aff,
        type: 3}
      propertyPath: m_RootOrder
      value: 0
      objectReference: {fileID: 0}
    - target: {fileID: 3495689486056106580, guid: 11f5bb57e3bee6b408ea802cf0ab2aff,
        type: 3}
      propertyPath: m_LocalPosition.x
      value: 0
      objectReference: {fileID: 0}
    - target: {fileID: 3495689486056106580, guid: 11f5bb57e3bee6b408ea802cf0ab2aff,
        type: 3}
      propertyPath: m_LocalPosition.y
      value: 54.8
      objectReference: {fileID: 0}
    - target: {fileID: 3495689486056106580, guid: 11f5bb57e3bee6b408ea802cf0ab2aff,
        type: 3}
      propertyPath: m_LocalPosition.z
      value: -59
      objectReference: {fileID: 0}
    - target: {fileID: 3495689486056106580, guid: 11f5bb57e3bee6b408ea802cf0ab2aff,
        type: 3}
      propertyPath: m_LocalRotation.w
      value: 0.9200204
      objectReference: {fileID: 0}
    - target: {fileID: 3495689486056106580, guid: 11f5bb57e3bee6b408ea802cf0ab2aff,
        type: 3}
      propertyPath: m_LocalRotation.x
      value: 0.381085
      objectReference: {fileID: 0}
    - target: {fileID: 3495689486056106580, guid: 11f5bb57e3bee6b408ea802cf0ab2aff,
        type: 3}
      propertyPath: m_LocalRotation.y
      value: 0.08435531
      objectReference: {fileID: 0}
    - target: {fileID: 3495689486056106580, guid: 11f5bb57e3bee6b408ea802cf0ab2aff,
        type: 3}
      propertyPath: m_LocalRotation.z
      value: -0.034941133
      objectReference: {fileID: 0}
    - target: {fileID: 3495689486056106580, guid: 11f5bb57e3bee6b408ea802cf0ab2aff,
        type: 3}
      propertyPath: m_LocalEulerAnglesHint.x
      value: 45.000004
      objectReference: {fileID: 0}
    - target: {fileID: 3495689486056106580, guid: 11f5bb57e3bee6b408ea802cf0ab2aff,
        type: 3}
      propertyPath: m_LocalEulerAnglesHint.y
      value: 10.477
      objectReference: {fileID: 0}
    - target: {fileID: 3495689486056106580, guid: 11f5bb57e3bee6b408ea802cf0ab2aff,
        type: 3}
      propertyPath: m_LocalEulerAnglesHint.z
      value: 0
      objectReference: {fileID: 0}
    - target: {fileID: 3495689486056106581, guid: 11f5bb57e3bee6b408ea802cf0ab2aff,
        type: 3}
      propertyPath: m_SmoothSpeed
      value: 100
      objectReference: {fileID: 0}
    - target: {fileID: 3495689486056106581, guid: 11f5bb57e3bee6b408ea802cf0ab2aff,
        type: 3}
      propertyPath: m_ShakeCamParams.y
      value: 15
      objectReference: {fileID: 0}
    - target: {fileID: 3495689486056106587, guid: 11f5bb57e3bee6b408ea802cf0ab2aff,
        type: 3}
      propertyPath: m_Name
      value: GameCam
      objectReference: {fileID: 0}
    - target: {fileID: 4776824009667340718, guid: 11f5bb57e3bee6b408ea802cf0ab2aff,
        type: 3}
      propertyPath: m_ClearFlags
      value: 2
      objectReference: {fileID: 0}
    - target: {fileID: 4776824009667340718, guid: 11f5bb57e3bee6b408ea802cf0ab2aff,
        type: 3}
      propertyPath: orthographic
      value: 0
      objectReference: {fileID: 0}
    - target: {fileID: 4776824009667340718, guid: 11f5bb57e3bee6b408ea802cf0ab2aff,
        type: 3}
      propertyPath: field of view
      value: 15
      objectReference: {fileID: 0}
    - target: {fileID: 4776824009667340718, guid: 11f5bb57e3bee6b408ea802cf0ab2aff,
        type: 3}
      propertyPath: far clip plane
      value: 1000
      objectReference: {fileID: 0}
    - target: {fileID: 4776824009667340718, guid: 11f5bb57e3bee6b408ea802cf0ab2aff,
        type: 3}
      propertyPath: orthographic size
      value: 6.6
      objectReference: {fileID: 0}
    - target: {fileID: 4776824009667340718, guid: 11f5bb57e3bee6b408ea802cf0ab2aff,
        type: 3}
      propertyPath: m_BackGroundColor.a
      value: 0
      objectReference: {fileID: 0}
    - target: {fileID: 4776824009667340718, guid: 11f5bb57e3bee6b408ea802cf0ab2aff,
        type: 3}
      propertyPath: m_BackGroundColor.b
      value: 1
      objectReference: {fileID: 0}
    - target: {fileID: 4776824009667340718, guid: 11f5bb57e3bee6b408ea802cf0ab2aff,
        type: 3}
      propertyPath: m_BackGroundColor.g
      value: 0.6564398
      objectReference: {fileID: 0}
    - target: {fileID: 4776824009667340718, guid: 11f5bb57e3bee6b408ea802cf0ab2aff,
        type: 3}
      propertyPath: m_BackGroundColor.r
      value: 0
      objectReference: {fileID: 0}
    - target: {fileID: 4776824009667340718, guid: 11f5bb57e3bee6b408ea802cf0ab2aff,
        type: 3}
      propertyPath: m_CullingMask.m_Bits
      value: 12583703
      objectReference: {fileID: 0}
    - target: {fileID: 4776824009667340718, guid: 11f5bb57e3bee6b408ea802cf0ab2aff,
        type: 3}
      propertyPath: m_NormalizedViewPortRect.width
      value: 1
      objectReference: {fileID: 0}
    - target: {fileID: 4776824009667340718, guid: 11f5bb57e3bee6b408ea802cf0ab2aff,
        type: 3}
      propertyPath: m_NormalizedViewPortRect.height
      value: 1
      objectReference: {fileID: 0}
    m_RemovedComponents: []
  m_SourcePrefab: {fileID: 100100000, guid: 11f5bb57e3bee6b408ea802cf0ab2aff, type: 3}
--- !u!4 &6353326033286358473 stripped
Transform:
  m_CorrespondingSourceObject: {fileID: 3495689486056106580, guid: 11f5bb57e3bee6b408ea802cf0ab2aff,
    type: 3}
  m_PrefabInstance: {fileID: 7541457125549494173}
  m_PrefabAsset: {fileID: 0}
--- !u!1001 &8341721664229017972
PrefabInstance:
  m_ObjectHideFlags: 0
  serializedVersion: 2
  m_Modification:
    m_TransformParent: {fileID: 6353326032617754638}
    m_Modifications:
    - target: {fileID: 2751449006199870078, guid: bb4dd55c266336e4abe5c9b5c19f1202,
        type: 3}
      propertyPath: m_RootOrder
      value: 7
      objectReference: {fileID: 0}
    - target: {fileID: 2751449006199870078, guid: bb4dd55c266336e4abe5c9b5c19f1202,
        type: 3}
      propertyPath: m_LocalPosition.x
      value: 12.555
      objectReference: {fileID: 0}
    - target: {fileID: 2751449006199870078, guid: bb4dd55c266336e4abe5c9b5c19f1202,
        type: 3}
      propertyPath: m_LocalPosition.y
      value: 0.591
      objectReference: {fileID: 0}
    - target: {fileID: 2751449006199870078, guid: bb4dd55c266336e4abe5c9b5c19f1202,
        type: 3}
      propertyPath: m_LocalPosition.z
      value: -12.885
      objectReference: {fileID: 0}
    - target: {fileID: 2751449006199870078, guid: bb4dd55c266336e4abe5c9b5c19f1202,
        type: 3}
      propertyPath: m_LocalRotation.w
      value: 0.6505754
      objectReference: {fileID: 0}
    - target: {fileID: 2751449006199870078, guid: bb4dd55c266336e4abe5c9b5c19f1202,
        type: 3}
      propertyPath: m_LocalRotation.x
      value: 0
      objectReference: {fileID: 0}
    - target: {fileID: 2751449006199870078, guid: bb4dd55c266336e4abe5c9b5c19f1202,
        type: 3}
      propertyPath: m_LocalRotation.y
      value: -0.7594417
      objectReference: {fileID: 0}
    - target: {fileID: 2751449006199870078, guid: bb4dd55c266336e4abe5c9b5c19f1202,
        type: 3}
      propertyPath: m_LocalRotation.z
      value: 0
      objectReference: {fileID: 0}
    - target: {fileID: 2751449006199870078, guid: bb4dd55c266336e4abe5c9b5c19f1202,
        type: 3}
      propertyPath: m_LocalEulerAnglesHint.x
      value: 0
      objectReference: {fileID: 0}
    - target: {fileID: 2751449006199870078, guid: bb4dd55c266336e4abe5c9b5c19f1202,
        type: 3}
      propertyPath: m_LocalEulerAnglesHint.y
      value: -98.83
      objectReference: {fileID: 0}
    - target: {fileID: 2751449006199870078, guid: bb4dd55c266336e4abe5c9b5c19f1202,
        type: 3}
      propertyPath: m_LocalEulerAnglesHint.z
      value: 0
      objectReference: {fileID: 0}
    - target: {fileID: 3270964524078155972, guid: bb4dd55c266336e4abe5c9b5c19f1202,
        type: 3}
      propertyPath: m_Name
      value: penguin
      objectReference: {fileID: 0}
    m_RemovedComponents: []
  m_SourcePrefab: {fileID: 100100000, guid: bb4dd55c266336e4abe5c9b5c19f1202, type: 3}
--- !u!114 &5111175795026283383 stripped
MonoBehaviour:
  m_CorrespondingSourceObject: {fileID: 3831777022230708739, guid: bb4dd55c266336e4abe5c9b5c19f1202,
    type: 3}
  m_PrefabInstance: {fileID: 8341721664229017972}
  m_PrefabAsset: {fileID: 0}
  m_GameObject: {fileID: 0}
  m_Enabled: 1
  m_EditorHideFlags: 0
  m_Script: {fileID: 11500000, guid: 7b862b19ee3a00d4588e89e7bafbff80, type: 3}
  m_Name: 
  m_EditorClassIdentifier: 
--- !u!4 &6191503784618236682 stripped
Transform:
  m_CorrespondingSourceObject: {fileID: 2751449006199870078, guid: bb4dd55c266336e4abe5c9b5c19f1202,
    type: 3}
  m_PrefabInstance: {fileID: 8341721664229017972}
  m_PrefabAsset: {fileID: 0}
