%YAML 1.1
%TAG !u! tag:unity3d.com,2011:
--- !u!65 &9153397333272507223
BoxCollider:
  m_ObjectHideFlags: 0
  m_CorrespondingSourceObject: {fileID: 0}
  m_PrefabInstance: {fileID: 0}
  m_PrefabAsset: {fileID: 0}
  m_GameObject: {fileID: 386120870053466585}
  m_Material: {fileID: 0}
  m_IsTrigger: 0
  m_Enabled: 1
  serializedVersion: 2
  m_Size: {x: 2.3442583, y: 0.8465614, z: 2.837482}
  m_Center: {x: -0.011409217, y: -0.2367192, z: -0.3075604}
--- !u!111 &6081430200751791494
Animation:
  m_ObjectHideFlags: 0
  m_CorrespondingSourceObject: {fileID: 0}
  m_PrefabInstance: {fileID: 0}
  m_PrefabAsset: {fileID: 0}
  m_GameObject: {fileID: 1222449113860246961}
  m_Enabled: 1
  serializedVersion: 3
  m_Animation: {fileID: -2681532106733014122, guid: b6bd8698771e28f4d86d5d44e58158f3,
    type: 3}
  m_Animations:
  - {fileID: -2681532106733014122, guid: b6bd8698771e28f4d86d5d44e58158f3, type: 3}
  m_WrapMode: 0
  m_PlayAutomatically: 1
  m_AnimatePhysics: 0
  m_CullingType: 0
--- !u!1 &1222449113950536612
GameObject:
  m_ObjectHideFlags: 0
  m_CorrespondingSourceObject: {fileID: 0}
  m_PrefabInstance: {fileID: 0}
  m_PrefabAsset: {fileID: 0}
  serializedVersion: 6
  m_Component:
  - component: {fileID: 1222449113950536613}
  - component: {fileID: 1222449113950536610}
  m_Layer: 0
  m_Name: Level_0_1
  m_TagString: Untagged
  m_Icon: {fileID: 0}
  m_NavMeshLayer: 0
  m_StaticEditorFlags: 0
  m_IsActive: 1
--- !u!4 &1222449113950536613
Transform:
  m_ObjectHideFlags: 0
  m_CorrespondingSourceObject: {fileID: 0}
  m_PrefabInstance: {fileID: 0}
  m_PrefabAsset: {fileID: 0}
  m_GameObject: {fileID: 1222449113950536612}
  m_LocalRotation: {x: 0, y: 0, z: 0, w: 1}
  m_LocalPosition: {x: 0, y: 0, z: 0}
  m_LocalScale: {x: 1, y: 1, z: 1}
  m_Children:
  - {fileID: 1222449114977410022}
  - {fileID: 1222449114561782622}
  - {fileID: 1222449114153014259}
  - {fileID: 1222449115646012961}
  - {fileID: 1222449114642498547}
  - {fileID: 1222449114378992544}
  m_Father: {fileID: 0}
  m_RootOrder: 0
  m_LocalEulerAnglesHint: {x: 0, y: 0, z: 0}
--- !u!114 &1222449113950536610
MonoBehaviour:
  m_ObjectHideFlags: 0
  m_CorrespondingSourceObject: {fileID: 0}
  m_PrefabInstance: {fileID: 0}
  m_PrefabAsset: {fileID: 0}
  m_GameObject: {fileID: 1222449113950536612}
  m_Enabled: 1
  m_EditorHideFlags: 0
  m_Script: {fileID: 11500000, guid: 3fdbf5ccabf68ed4f88af84572c2489a, type: 3}
  m_Name: 
  m_EditorClassIdentifier: 
  m_MovieMgr: {fileID: 1222449114561782623}
  m_DriftwoodMan: {fileID: 8863492328618431905}
  m_DriftwoodWeman: {fileID: 926442336787627160}
  m_TrsPosMan: {fileID: 147572702485974068}
  m_TrsPosWeman: {fileID: 2127300100293413698}
--- !u!1 &1222449114153014258
GameObject:
  m_ObjectHideFlags: 0
  m_CorrespondingSourceObject: {fileID: 0}
  m_PrefabInstance: {fileID: 0}
  m_PrefabAsset: {fileID: 0}
  serializedVersion: 6
  m_Component:
  - component: {fileID: 1222449114153014259}
  m_Layer: 0
  m_Name: GroundRoot
  m_TagString: Untagged
  m_Icon: {fileID: 0}
  m_NavMeshLayer: 0
  m_StaticEditorFlags: 0
  m_IsActive: 1
--- !u!4 &1222449114153014259
Transform:
  m_ObjectHideFlags: 0
  m_CorrespondingSourceObject: {fileID: 0}
  m_PrefabInstance: {fileID: 0}
  m_PrefabAsset: {fileID: 0}
  m_GameObject: {fileID: 1222449114153014258}
  m_LocalRotation: {x: 0, y: 0, z: 0, w: 1}
  m_LocalPosition: {x: 0, y: 0, z: 0}
  m_LocalScale: {x: 1, y: 1, z: 1}
  m_Children:
  - {fileID: 2568642190505731312}
  - {fileID: 1692715207537969247}
  m_Father: {fileID: 1222449113950536613}
  m_RootOrder: 2
  m_LocalEulerAnglesHint: {x: 0, y: 0, z: 0}
--- !u!1 &1222449114378992547
GameObject:
  m_ObjectHideFlags: 0
  m_CorrespondingSourceObject: {fileID: 0}
  m_PrefabInstance: {fileID: 0}
  m_PrefabAsset: {fileID: 0}
  serializedVersion: 6
  m_Component:
  - component: {fileID: 1222449114378992544}
  m_Layer: 0
  m_Name: Light
  m_TagString: Untagged
  m_Icon: {fileID: 0}
  m_NavMeshLayer: 0
  m_StaticEditorFlags: 0
  m_IsActive: 1
--- !u!4 &1222449114378992544
Transform:
  m_ObjectHideFlags: 0
  m_CorrespondingSourceObject: {fileID: 0}
  m_PrefabInstance: {fileID: 0}
  m_PrefabAsset: {fileID: 0}
  m_GameObject: {fileID: 1222449114378992547}
  m_LocalRotation: {x: 0, y: 0, z: 0, w: 1}
  m_LocalPosition: {x: 0, y: 0, z: 0}
  m_LocalScale: {x: 1, y: 1, z: 1}
  m_Children:
  - {fileID: 1222449114767633560}
  - {fileID: 1222449114845263697}
  - {fileID: 1222449115593067558}
  m_Father: {fileID: 1222449113950536613}
  m_RootOrder: 5
  m_LocalEulerAnglesHint: {x: 0, y: 0, z: 0}
--- !u!1 &1222449114561782593
GameObject:
  m_ObjectHideFlags: 0
  m_CorrespondingSourceObject: {fileID: 0}
  m_PrefabInstance: {fileID: 0}
  m_PrefabAsset: {fileID: 0}
  serializedVersion: 6
  m_Component:
  - component: {fileID: 1222449114561782622}
  - component: {fileID: 1222449114561782623}
  m_Layer: 0
  m_Name: MovieMgr
  m_TagString: Untagged
  m_Icon: {fileID: 0}
  m_NavMeshLayer: 0
  m_StaticEditorFlags: 0
  m_IsActive: 1
--- !u!4 &1222449114561782622
Transform:
  m_ObjectHideFlags: 0
  m_CorrespondingSourceObject: {fileID: 0}
  m_PrefabInstance: {fileID: 0}
  m_PrefabAsset: {fileID: 0}
  m_GameObject: {fileID: 1222449114561782593}
  m_LocalRotation: {x: -0, y: -0, z: -0, w: 1}
  m_LocalPosition: {x: 0, y: 0, z: 0}
  m_LocalScale: {x: 1, y: 1, z: 1}
  m_Children: []
  m_Father: {fileID: 1222449113950536613}
  m_RootOrder: 1
  m_LocalEulerAnglesHint: {x: 0, y: 0, z: 0}
--- !u!114 &1222449114561782623
MonoBehaviour:
  m_ObjectHideFlags: 0
  m_CorrespondingSourceObject: {fileID: 0}
  m_PrefabInstance: {fileID: 0}
  m_PrefabAsset: {fileID: 0}
  m_GameObject: {fileID: 1222449114561782593}
  m_Enabled: 1
  m_EditorHideFlags: 0
  m_Script: {fileID: 11500000, guid: 4859d3456ccd4a24383ed82614905564, type: 3}
  m_Name: 
  m_EditorClassIdentifier: 
  m_TrsCamera: {fileID: 1222449114977410022}
  m_TrsTarget: {fileID: 1222449113860246926}
  moveSpeed: 14
  boundary: 14
  offset: {x: 0, y: 0, z: -50}
--- !u!1 &1222449114642498546
GameObject:
  m_ObjectHideFlags: 0
  m_CorrespondingSourceObject: {fileID: 0}
  m_PrefabInstance: {fileID: 0}
  m_PrefabAsset: {fileID: 0}
  serializedVersion: 6
  m_Component:
  - component: {fileID: 1222449114642498547}
  m_Layer: 0
  m_Name: CloudRoot
  m_TagString: Untagged
  m_Icon: {fileID: 0}
  m_NavMeshLayer: 0
  m_StaticEditorFlags: 0
  m_IsActive: 1
--- !u!4 &1222449114642498547
Transform:
  m_ObjectHideFlags: 0
  m_CorrespondingSourceObject: {fileID: 0}
  m_PrefabInstance: {fileID: 0}
  m_PrefabAsset: {fileID: 0}
  m_GameObject: {fileID: 1222449114642498546}
  m_LocalRotation: {x: 0, y: 0, z: 0, w: 1}
  m_LocalPosition: {x: 0, y: 0, z: 0}
  m_LocalScale: {x: 1, y: 1, z: 1}
  m_Children:
  - {fileID: 1222449113860246926}
  m_Father: {fileID: 1222449113950536613}
  m_RootOrder: 4
  m_LocalEulerAnglesHint: {x: 0, y: 0, z: 0}
--- !u!1 &1222449114767633563
GameObject:
  m_ObjectHideFlags: 0
  m_CorrespondingSourceObject: {fileID: 0}
  m_PrefabInstance: {fileID: 0}
  m_PrefabAsset: {fileID: 0}
  serializedVersion: 6
  m_Component:
  - component: {fileID: 1222449114767633560}
  - component: {fileID: 1222449114767633561}
  m_Layer: 0
  m_Name: Directional Light Shadows
  m_TagString: Untagged
  m_Icon: {fileID: 0}
  m_NavMeshLayer: 0
  m_StaticEditorFlags: 0
  m_IsActive: 1
--- !u!4 &1222449114767633560
Transform:
  m_ObjectHideFlags: 0
  m_CorrespondingSourceObject: {fileID: 0}
  m_PrefabInstance: {fileID: 0}
  m_PrefabAsset: {fileID: 0}
  m_GameObject: {fileID: 1222449114767633563}
  m_LocalRotation: {x: 0.7071068, y: -0, z: -0, w: 0.7071068}
  m_LocalPosition: {x: 0, y: 11.74, z: 0}
  m_LocalScale: {x: 1, y: 1, z: 1}
  m_Children: []
  m_Father: {fileID: 1222449114378992544}
  m_RootOrder: 0
  m_LocalEulerAnglesHint: {x: 90, y: 0, z: 0}
--- !u!108 &1222449114767633561
Light:
  m_ObjectHideFlags: 0
  m_CorrespondingSourceObject: {fileID: 0}
  m_PrefabInstance: {fileID: 0}
  m_PrefabAsset: {fileID: 0}
  m_GameObject: {fileID: 1222449114767633563}
  m_Enabled: 1
  serializedVersion: 10
  m_Type: 1
  m_Shape: 0
  m_Color: {r: 0.8285867, g: 0.87758446, b: 0.9245283, a: 1}
  m_Intensity: 0.46
  m_Range: 10
  m_SpotAngle: 30
  m_InnerSpotAngle: 21.80208
  m_CookieSize: 10
  m_Shadows:
    m_Type: 2
    m_Resolution: -1
    m_CustomResolution: -1
    m_Strength: 1
    m_Bias: 0
    m_NormalBias: 0
    m_NearPlane: 0.1
    m_CullingMatrixOverride:
      e00: 1
      e01: 0
      e02: 0
      e03: 0
      e10: 0
      e11: 1
      e12: 0
      e13: 0
      e20: 0
      e21: 0
      e22: 1
      e23: 0
      e30: 0
      e31: 0
      e32: 0
      e33: 1
    m_UseCullingMatrixOverride: 0
  m_Cookie: {fileID: 0}
  m_DrawHalo: 0
  m_Flare: {fileID: 0}
  m_RenderMode: 0
  m_CullingMask:
    serializedVersion: 2
    m_Bits: 4294967295
  m_RenderingLayerMask: 1
  m_Lightmapping: 4
  m_LightShadowCasterMode: 0
  m_AreaSize: {x: 1, y: 1}
  m_BounceIntensity: 1
  m_ColorTemperature: 6570
  m_UseColorTemperature: 0
  m_BoundingSphereOverride: {x: 0, y: 0, z: 0, w: 0}
  m_UseBoundingSphereOverride: 0
  m_ShadowRadius: 0
  m_ShadowAngle: 0
--- !u!1 &1222449114845263696
GameObject:
  m_ObjectHideFlags: 0
  m_CorrespondingSourceObject: {fileID: 0}
  m_PrefabInstance: {fileID: 0}
  m_PrefabAsset: {fileID: 0}
  serializedVersion: 6
  m_Component:
  - component: {fileID: 1222449114845263697}
  - component: {fileID: 1222449114845263534}
  m_Layer: 0
  m_Name: Directional Light
  m_TagString: Untagged
  m_Icon: {fileID: 0}
  m_NavMeshLayer: 0
  m_StaticEditorFlags: 0
  m_IsActive: 1
--- !u!4 &1222449114845263697
Transform:
  m_ObjectHideFlags: 0
  m_CorrespondingSourceObject: {fileID: 0}
  m_PrefabInstance: {fileID: 0}
  m_PrefabAsset: {fileID: 0}
  m_GameObject: {fileID: 1222449114845263696}
  m_LocalRotation: {x: 0.22846107, y: -0.23538414, z: 0.18387173, w: 0.9266019}
  m_LocalPosition: {x: 0, y: 11.74, z: 0}
  m_LocalScale: {x: 1, y: 1, z: 1}
  m_Children: []
  m_Father: {fileID: 1222449114378992544}
  m_RootOrder: 1
  m_LocalEulerAnglesHint: {x: 30.660002, y: -24.169, z: 15.7300005}
--- !u!108 &1222449114845263534
Light:
  m_ObjectHideFlags: 0
  m_CorrespondingSourceObject: {fileID: 0}
  m_PrefabInstance: {fileID: 0}
  m_PrefabAsset: {fileID: 0}
  m_GameObject: {fileID: 1222449114845263696}
  m_Enabled: 1
  serializedVersion: 10
  m_Type: 1
  m_Shape: 0
  m_Color: {r: 1, g: 1, b: 1, a: 1}
  m_Intensity: 0.46
  m_Range: 10
  m_SpotAngle: 30
  m_InnerSpotAngle: 21.80208
  m_CookieSize: 10
  m_Shadows:
    m_Type: 0
    m_Resolution: -1
    m_CustomResolution: -1
    m_Strength: 1
    m_Bias: 0.05
    m_NormalBias: 0.4
    m_NearPlane: 0.2
    m_CullingMatrixOverride:
      e00: 1
      e01: 0
      e02: 0
      e03: 0
      e10: 0
      e11: 1
      e12: 0
      e13: 0
      e20: 0
      e21: 0
      e22: 1
      e23: 0
      e30: 0
      e31: 0
      e32: 0
      e33: 1
    m_UseCullingMatrixOverride: 0
  m_Cookie: {fileID: 0}
  m_DrawHalo: 0
  m_Flare: {fileID: 0}
  m_RenderMode: 0
  m_CullingMask:
    serializedVersion: 2
    m_Bits: 4294967295
  m_RenderingLayerMask: 1
  m_Lightmapping: 4
  m_LightShadowCasterMode: 0
  m_AreaSize: {x: 1, y: 1}
  m_BounceIntensity: 1
  m_ColorTemperature: 6570
  m_UseColorTemperature: 0
  m_BoundingSphereOverride: {x: 0, y: 0, z: 0, w: 0}
  m_UseBoundingSphereOverride: 0
  m_ShadowRadius: 0
  m_ShadowAngle: 0
--- !u!1 &1222449115593067561
GameObject:
  m_ObjectHideFlags: 0
  m_CorrespondingSourceObject: {fileID: 0}
  m_PrefabInstance: {fileID: 0}
  m_PrefabAsset: {fileID: 0}
  serializedVersion: 6
  m_Component:
  - component: {fileID: 1222449115593067558}
  - component: {fileID: 1222449115593067559}
  m_Layer: 0
  m_Name: Directional Light (1)
  m_TagString: Untagged
  m_Icon: {fileID: 0}
  m_NavMeshLayer: 0
  m_StaticEditorFlags: 0
  m_IsActive: 1
--- !u!4 &1222449115593067558
Transform:
  m_ObjectHideFlags: 0
  m_CorrespondingSourceObject: {fileID: 0}
  m_PrefabInstance: {fileID: 0}
  m_PrefabAsset: {fileID: 0}
  m_GameObject: {fileID: 1222449115593067561}
  m_LocalRotation: {x: 0.22846107, y: -0.23538414, z: 0.18387173, w: 0.9266019}
  m_LocalPosition: {x: 0, y: 11.74, z: 0}
  m_LocalScale: {x: 1, y: 1, z: 1}
  m_Children: []
  m_Father: {fileID: 1222449114378992544}
  m_RootOrder: 2
  m_LocalEulerAnglesHint: {x: 30.660002, y: -24.169, z: 15.7300005}
--- !u!108 &1222449115593067559
Light:
  m_ObjectHideFlags: 0
  m_CorrespondingSourceObject: {fileID: 0}
  m_PrefabInstance: {fileID: 0}
  m_PrefabAsset: {fileID: 0}
  m_GameObject: {fileID: 1222449115593067561}
  m_Enabled: 1
  serializedVersion: 10
  m_Type: 1
  m_Shape: 0
  m_Color: {r: 1, g: 1, b: 1, a: 1}
  m_Intensity: 1.15
  m_Range: 10
  m_SpotAngle: 30
  m_InnerSpotAngle: 21.80208
  m_CookieSize: 10
  m_Shadows:
    m_Type: 0
    m_Resolution: -1
    m_CustomResolution: -1
    m_Strength: 1
    m_Bias: 0.05
    m_NormalBias: 0.4
    m_NearPlane: 0.2
    m_CullingMatrixOverride:
      e00: 1
      e01: 0
      e02: 0
      e03: 0
      e10: 0
      e11: 1
      e12: 0
      e13: 0
      e20: 0
      e21: 0
      e22: 1
      e23: 0
      e30: 0
      e31: 0
      e32: 0
      e33: 1
    m_UseCullingMatrixOverride: 0
  m_Cookie: {fileID: 0}
  m_DrawHalo: 0
  m_Flare: {fileID: 0}
  m_RenderMode: 0
  m_CullingMask:
    serializedVersion: 2
    m_Bits: 512
  m_RenderingLayerMask: 1
  m_Lightmapping: 4
  m_LightShadowCasterMode: 0
  m_AreaSize: {x: 1, y: 1}
  m_BounceIntensity: 1
  m_ColorTemperature: 6570
  m_UseColorTemperature: 0
  m_BoundingSphereOverride: {x: 0, y: 0, z: 0, w: 0}
  m_UseBoundingSphereOverride: 0
  m_ShadowRadius: 0
  m_ShadowAngle: 0
--- !u!1 &1222449115646012960
GameObject:
  m_ObjectHideFlags: 0
  m_CorrespondingSourceObject: {fileID: 0}
  m_PrefabInstance: {fileID: 0}
  m_PrefabAsset: {fileID: 0}
  serializedVersion: 6
  m_Component:
  - component: {fileID: 1222449115646012961}
  m_Layer: 0
  m_Name: PropRoot
  m_TagString: Untagged
  m_Icon: {fileID: 0}
  m_NavMeshLayer: 0
  m_StaticEditorFlags: 0
  m_IsActive: 1
--- !u!4 &1222449115646012961
Transform:
  m_ObjectHideFlags: 0
  m_CorrespondingSourceObject: {fileID: 0}
  m_PrefabInstance: {fileID: 0}
  m_PrefabAsset: {fileID: 0}
  m_GameObject: {fileID: 1222449115646012960}
  m_LocalRotation: {x: 0, y: 0, z: 0, w: 1}
  m_LocalPosition: {x: 0, y: 0, z: 0}
  m_LocalScale: {x: 1, y: 1, z: 1}
  m_Children:
  - {fileID: 1222449115831796005}
  m_Father: {fileID: 1222449113950536613}
  m_RootOrder: 3
  m_LocalEulerAnglesHint: {x: 0, y: 0, z: 0}
--- !u!1 &1687011271327851745
GameObject:
  m_ObjectHideFlags: 0
  m_CorrespondingSourceObject: {fileID: 0}
  m_PrefabInstance: {fileID: 0}
  m_PrefabAsset: {fileID: 0}
  serializedVersion: 6
  m_Component:
  - component: {fileID: 2127300100293413698}
  m_Layer: 0
  m_Name: pos2
  m_TagString: Untagged
  m_Icon: {fileID: 0}
  m_NavMeshLayer: 0
  m_StaticEditorFlags: 0
  m_IsActive: 1
--- !u!4 &2127300100293413698
Transform:
  m_ObjectHideFlags: 0
  m_CorrespondingSourceObject: {fileID: 0}
  m_PrefabInstance: {fileID: 0}
  m_PrefabAsset: {fileID: 0}
  m_GameObject: {fileID: 1687011271327851745}
  m_LocalRotation: {x: 0, y: 0, z: 0, w: 1}
  m_LocalPosition: {x: 0, y: -2.36, z: -0.39}
  m_LocalScale: {x: 1, y: 1, z: 1}
  m_Children: []
  m_Father: {fileID: 1222449115831796005}
  m_RootOrder: 3
  m_LocalEulerAnglesHint: {x: 0, y: 0, z: 0}
--- !u!1 &7578871417857911484
GameObject:
  m_ObjectHideFlags: 0
  m_CorrespondingSourceObject: {fileID: 0}
  m_PrefabInstance: {fileID: 0}
  m_PrefabAsset: {fileID: 0}
  serializedVersion: 6
  m_Component:
  - component: {fileID: 147572702485974068}
  m_Layer: 0
  m_Name: pos1
  m_TagString: Untagged
  m_Icon: {fileID: 0}
  m_NavMeshLayer: 0
  m_StaticEditorFlags: 0
  m_IsActive: 1
--- !u!4 &147572702485974068
Transform:
  m_ObjectHideFlags: 0
  m_CorrespondingSourceObject: {fileID: 0}
  m_PrefabInstance: {fileID: 0}
  m_PrefabAsset: {fileID: 0}
  m_GameObject: {fileID: 7578871417857911484}
  m_LocalRotation: {x: 0, y: 0, z: 0, w: 1}
  m_LocalPosition: {x: 0, y: -0.46, z: 0}
  m_LocalScale: {x: 1, y: 1, z: 1}
  m_Children: []
  m_Father: {fileID: 1222449115831796005}
  m_RootOrder: 2
  m_LocalEulerAnglesHint: {x: 0, y: 0, z: 0}
--- !u!1001 &1064887531172864842
PrefabInstance:
  m_ObjectHideFlags: 0
  serializedVersion: 2
  m_Modification:
    m_TransformParent: {fileID: 1222449113860246926}
    m_Modifications:
    - target: {fileID: -8679921383154817045, guid: b6bd8698771e28f4d86d5d44e58158f3,
        type: 3}
      propertyPath: m_RootOrder
      value: 4
      objectReference: {fileID: 0}
    - target: {fileID: -8679921383154817045, guid: b6bd8698771e28f4d86d5d44e58158f3,
        type: 3}
      propertyPath: m_LocalPosition.x
      value: 0
      objectReference: {fileID: 0}
    - target: {fileID: -8679921383154817045, guid: b6bd8698771e28f4d86d5d44e58158f3,
        type: 3}
      propertyPath: m_LocalPosition.y
      value: 0
      objectReference: {fileID: 0}
    - target: {fileID: -8679921383154817045, guid: b6bd8698771e28f4d86d5d44e58158f3,
        type: 3}
      propertyPath: m_LocalPosition.z
      value: 0
      objectReference: {fileID: 0}
    - target: {fileID: -8679921383154817045, guid: b6bd8698771e28f4d86d5d44e58158f3,
        type: 3}
      propertyPath: m_LocalRotation.w
      value: 1
      objectReference: {fileID: 0}
    - target: {fileID: -8679921383154817045, guid: b6bd8698771e28f4d86d5d44e58158f3,
        type: 3}
      propertyPath: m_LocalRotation.x
      value: 0
      objectReference: {fileID: 0}
    - target: {fileID: -8679921383154817045, guid: b6bd8698771e28f4d86d5d44e58158f3,
        type: 3}
      propertyPath: m_LocalRotation.y
      value: 0
      objectReference: {fileID: 0}
    - target: {fileID: -8679921383154817045, guid: b6bd8698771e28f4d86d5d44e58158f3,
        type: 3}
      propertyPath: m_LocalRotation.z
      value: 0
      objectReference: {fileID: 0}
    - target: {fileID: -8679921383154817045, guid: b6bd8698771e28f4d86d5d44e58158f3,
        type: 3}
      propertyPath: m_LocalEulerAnglesHint.x
      value: 0
      objectReference: {fileID: 0}
    - target: {fileID: -8679921383154817045, guid: b6bd8698771e28f4d86d5d44e58158f3,
        type: 3}
      propertyPath: m_LocalEulerAnglesHint.y
      value: 0
      objectReference: {fileID: 0}
    - target: {fileID: -8679921383154817045, guid: b6bd8698771e28f4d86d5d44e58158f3,
        type: 3}
      propertyPath: m_LocalEulerAnglesHint.z
      value: 0
      objectReference: {fileID: 0}
    - target: {fileID: -5071194184517566833, guid: b6bd8698771e28f4d86d5d44e58158f3,
        type: 3}
      propertyPath: m_Materials.Array.data[0]
      value: 
      objectReference: {fileID: 2100000, guid: c4fa1085040c8774fb54d8739e05e991, type: 2}
    - target: {fileID: 919132149155446097, guid: b6bd8698771e28f4d86d5d44e58158f3,
        type: 3}
      propertyPath: m_Name
      value: TC_Yun_002
      objectReference: {fileID: 0}
    m_RemovedComponents: []
  m_SourcePrefab: {fileID: 100100000, guid: b6bd8698771e28f4d86d5d44e58158f3, type: 3}
--- !u!1001 &1222449114697871284
PrefabInstance:
  m_ObjectHideFlags: 0
  serializedVersion: 2
  m_Modification:
    m_TransformParent: {fileID: 1222449114153014259}
    m_Modifications:
    - target: {fileID: -8922308287921169042, guid: df31772eb3e21674b8840b1817fe84d8,
        type: 3}
      propertyPath: m_Materials.Array.data[0]
      value: 
      objectReference: {fileID: 2100000, guid: 3b20fc9e84b968641b7312bdcdd1ffd8, type: 2}
    - target: {fileID: -8922308287921169042, guid: df31772eb3e21674b8840b1817fe84d8,
        type: 3}
      propertyPath: m_Materials.Array.data[1]
      value: 
      objectReference: {fileID: 2100000, guid: fb045539f4b18a242aca8e57e88c5cd7, type: 2}
    - target: {fileID: -8679921383154817045, guid: df31772eb3e21674b8840b1817fe84d8,
        type: 3}
      propertyPath: m_RootOrder
      value: 1
      objectReference: {fileID: 0}
    - target: {fileID: -8679921383154817045, guid: df31772eb3e21674b8840b1817fe84d8,
        type: 3}
      propertyPath: m_LocalPosition.x
      value: 0
      objectReference: {fileID: 0}
    - target: {fileID: -8679921383154817045, guid: df31772eb3e21674b8840b1817fe84d8,
        type: 3}
      propertyPath: m_LocalPosition.y
      value: 0
      objectReference: {fileID: 0}
    - target: {fileID: -8679921383154817045, guid: df31772eb3e21674b8840b1817fe84d8,
        type: 3}
      propertyPath: m_LocalPosition.z
      value: 0
      objectReference: {fileID: 0}
    - target: {fileID: -8679921383154817045, guid: df31772eb3e21674b8840b1817fe84d8,
        type: 3}
      propertyPath: m_LocalRotation.w
      value: 0.7071068
      objectReference: {fileID: 0}
    - target: {fileID: -8679921383154817045, guid: df31772eb3e21674b8840b1817fe84d8,
        type: 3}
      propertyPath: m_LocalRotation.x
      value: 0
      objectReference: {fileID: 0}
    - target: {fileID: -8679921383154817045, guid: df31772eb3e21674b8840b1817fe84d8,
        type: 3}
      propertyPath: m_LocalRotation.y
      value: 0.7071068
      objectReference: {fileID: 0}
    - target: {fileID: -8679921383154817045, guid: df31772eb3e21674b8840b1817fe84d8,
        type: 3}
      propertyPath: m_LocalRotation.z
      value: 0
      objectReference: {fileID: 0}
    - target: {fileID: -8679921383154817045, guid: df31772eb3e21674b8840b1817fe84d8,
        type: 3}
      propertyPath: m_LocalEulerAnglesHint.x
      value: 0
      objectReference: {fileID: 0}
    - target: {fileID: -8679921383154817045, guid: df31772eb3e21674b8840b1817fe84d8,
        type: 3}
      propertyPath: m_LocalEulerAnglesHint.y
      value: 90
      objectReference: {fileID: 0}
    - target: {fileID: -8679921383154817045, guid: df31772eb3e21674b8840b1817fe84d8,
        type: 3}
      propertyPath: m_LocalEulerAnglesHint.z
      value: 0
      objectReference: {fileID: 0}
    - target: {fileID: -1279356538071452838, guid: df31772eb3e21674b8840b1817fe84d8,
        type: 3}
      propertyPath: m_IsActive
      value: 0
      objectReference: {fileID: 0}
    - target: {fileID: -109768060239503729, guid: df31772eb3e21674b8840b1817fe84d8,
        type: 3}
      propertyPath: m_Materials.Array.data[0]
      value: 
      objectReference: {fileID: 2100000, guid: d0054e2826ae0cc4e8abb517bd8d7ac5, type: 2}
    - target: {fileID: 919132149155446097, guid: df31772eb3e21674b8840b1817fe84d8,
        type: 3}
      propertyPath: m_Name
      value: world-forest
      objectReference: {fileID: 0}
    - target: {fileID: 7394090757045846307, guid: df31772eb3e21674b8840b1817fe84d8,
        type: 3}
      propertyPath: m_LocalPosition.y
      value: -0.63
      objectReference: {fileID: 0}
    m_RemovedComponents: []
  m_SourcePrefab: {fileID: 100100000, guid: df31772eb3e21674b8840b1817fe84d8, type: 3}
--- !u!4 &1692715207537969247 stripped
Transform:
  m_CorrespondingSourceObject: {fileID: -8679921383154817045, guid: df31772eb3e21674b8840b1817fe84d8,
    type: 3}
  m_PrefabInstance: {fileID: 1222449114697871284}
  m_PrefabAsset: {fileID: 0}
--- !u!1001 &1222449115256466282
PrefabInstance:
  m_ObjectHideFlags: 0
  serializedVersion: 2
  m_Modification:
    m_TransformParent: {fileID: 1222449114153014259}
    m_Modifications:
    - target: {fileID: 1931008591119497706, guid: 1e09978087ed28b4088cad18e390ae7e,
        type: 3}
      propertyPath: m_IsActive
      value: 0
      objectReference: {fileID: 0}
    - target: {fileID: 3697823379630670813, guid: 1e09978087ed28b4088cad18e390ae7e,
        type: 3}
      propertyPath: m_IsActive
      value: 0
      objectReference: {fileID: 0}
    - target: {fileID: 3697823379656537388, guid: 1e09978087ed28b4088cad18e390ae7e,
        type: 3}
      propertyPath: m_IsActive
      value: 0
      objectReference: {fileID: 0}
    - target: {fileID: 3698199150216112555, guid: 1e09978087ed28b4088cad18e390ae7e,
        type: 3}
      propertyPath: m_IsActive
      value: 0
      objectReference: {fileID: 0}
    - target: {fileID: 3698199150728770536, guid: 1e09978087ed28b4088cad18e390ae7e,
        type: 3}
      propertyPath: m_LocalScale.y
      value: 2.22
      objectReference: {fileID: 0}
    - target: {fileID: 3698199150728770536, guid: 1e09978087ed28b4088cad18e390ae7e,
        type: 3}
      propertyPath: m_LocalPosition.x
      value: 0.28
      objectReference: {fileID: 0}
    - target: {fileID: 3698199150728770536, guid: 1e09978087ed28b4088cad18e390ae7e,
        type: 3}
      propertyPath: m_LocalPosition.y
      value: -1.51
      objectReference: {fileID: 0}
    - target: {fileID: 3698199151727590719, guid: 1e09978087ed28b4088cad18e390ae7e,
        type: 3}
      propertyPath: m_IsActive
      value: 0
      objectReference: {fileID: 0}
    - target: {fileID: 3698199151787823002, guid: 1e09978087ed28b4088cad18e390ae7e,
        type: 3}
      propertyPath: m_RootOrder
      value: 0
      objectReference: {fileID: 0}
    - target: {fileID: 3698199151787823002, guid: 1e09978087ed28b4088cad18e390ae7e,
        type: 3}
      propertyPath: m_LocalScale.x
      value: 1.5
      objectReference: {fileID: 0}
    - target: {fileID: 3698199151787823002, guid: 1e09978087ed28b4088cad18e390ae7e,
        type: 3}
      propertyPath: m_LocalScale.y
      value: 1.5
      objectReference: {fileID: 0}
    - target: {fileID: 3698199151787823002, guid: 1e09978087ed28b4088cad18e390ae7e,
        type: 3}
      propertyPath: m_LocalScale.z
      value: 1.5
      objectReference: {fileID: 0}
    - target: {fileID: 3698199151787823002, guid: 1e09978087ed28b4088cad18e390ae7e,
        type: 3}
      propertyPath: m_LocalPosition.x
      value: 0
      objectReference: {fileID: 0}
    - target: {fileID: 3698199151787823002, guid: 1e09978087ed28b4088cad18e390ae7e,
        type: 3}
      propertyPath: m_LocalPosition.y
      value: 0
      objectReference: {fileID: 0}
    - target: {fileID: 3698199151787823002, guid: 1e09978087ed28b4088cad18e390ae7e,
        type: 3}
      propertyPath: m_LocalPosition.z
      value: 0
      objectReference: {fileID: 0}
    - target: {fileID: 3698199151787823002, guid: 1e09978087ed28b4088cad18e390ae7e,
        type: 3}
      propertyPath: m_LocalRotation.w
      value: 1
      objectReference: {fileID: 0}
    - target: {fileID: 3698199151787823002, guid: 1e09978087ed28b4088cad18e390ae7e,
        type: 3}
      propertyPath: m_LocalRotation.x
      value: 0
      objectReference: {fileID: 0}
    - target: {fileID: 3698199151787823002, guid: 1e09978087ed28b4088cad18e390ae7e,
        type: 3}
      propertyPath: m_LocalRotation.y
      value: 0
      objectReference: {fileID: 0}
    - target: {fileID: 3698199151787823002, guid: 1e09978087ed28b4088cad18e390ae7e,
        type: 3}
      propertyPath: m_LocalRotation.z
      value: 0
      objectReference: {fileID: 0}
    - target: {fileID: 3698199151787823002, guid: 1e09978087ed28b4088cad18e390ae7e,
        type: 3}
      propertyPath: m_LocalEulerAnglesHint.x
      value: 0
      objectReference: {fileID: 0}
    - target: {fileID: 3698199151787823002, guid: 1e09978087ed28b4088cad18e390ae7e,
        type: 3}
      propertyPath: m_LocalEulerAnglesHint.y
      value: 0
      objectReference: {fileID: 0}
    - target: {fileID: 3698199151787823002, guid: 1e09978087ed28b4088cad18e390ae7e,
        type: 3}
      propertyPath: m_LocalEulerAnglesHint.z
      value: 0
      objectReference: {fileID: 0}
    - target: {fileID: 3698199151787823003, guid: 1e09978087ed28b4088cad18e390ae7e,
        type: 3}
      propertyPath: m_Name
      value: cloud_rive
      objectReference: {fileID: 0}
    - target: {fileID: 3698199151787823003, guid: 1e09978087ed28b4088cad18e390ae7e,
        type: 3}
      propertyPath: m_IsActive
      value: 1
      objectReference: {fileID: 0}
    - target: {fileID: 3698199152113137288, guid: 1e09978087ed28b4088cad18e390ae7e,
        type: 3}
      propertyPath: m_LocalScale.y
      value: 2
      objectReference: {fileID: 0}
    - target: {fileID: 3698199152113137288, guid: 1e09978087ed28b4088cad18e390ae7e,
        type: 3}
      propertyPath: m_LocalPosition.x
      value: 0.5500002
      objectReference: {fileID: 0}
    - target: {fileID: 3698199152113137288, guid: 1e09978087ed28b4088cad18e390ae7e,
        type: 3}
      propertyPath: m_LocalPosition.y
      value: -0.655
      objectReference: {fileID: 0}
    - target: {fileID: 3698199152113393840, guid: 1e09978087ed28b4088cad18e390ae7e,
        type: 3}
      propertyPath: m_IsActive
      value: 1
      objectReference: {fileID: 0}
    - target: {fileID: 3698199152125995479, guid: 1e09978087ed28b4088cad18e390ae7e,
        type: 3}
      propertyPath: m_IsActive
      value: 0
      objectReference: {fileID: 0}
    - target: {fileID: 6559917416829122477, guid: 1e09978087ed28b4088cad18e390ae7e,
        type: 3}
      propertyPath: m_IsActive
      value: 0
      objectReference: {fileID: 0}
    - target: {fileID: 7423616869629598819, guid: 1e09978087ed28b4088cad18e390ae7e,
        type: 3}
      propertyPath: m_LocalPosition.x
      value: -3.06
      objectReference: {fileID: 0}
    - target: {fileID: 7426315960799873665, guid: 1e09978087ed28b4088cad18e390ae7e,
        type: 3}
      propertyPath: m_IsActive
      value: 0
      objectReference: {fileID: 0}
    m_RemovedComponents:
    - {fileID: 7393822877284023869, guid: 1e09978087ed28b4088cad18e390ae7e, type: 3}
    - {fileID: 1971661974194549754, guid: 1e09978087ed28b4088cad18e390ae7e, type: 3}
  m_SourcePrefab: {fileID: 100100000, guid: 1e09978087ed28b4088cad18e390ae7e, type: 3}
--- !u!4 &2568642190505731312 stripped
Transform:
  m_CorrespondingSourceObject: {fileID: 3698199151787823002, guid: 1e09978087ed28b4088cad18e390ae7e,
    type: 3}
  m_PrefabInstance: {fileID: 1222449115256466282}
  m_PrefabAsset: {fileID: 0}
--- !u!1001 &2338544612295651762
PrefabInstance:
  m_ObjectHideFlags: 0
  serializedVersion: 2
  m_Modification:
    m_TransformParent: {fileID: 1222449113950536613}
    m_Modifications:
    - target: {fileID: 3495689486056106580, guid: 11f5bb57e3bee6b408ea802cf0ab2aff,
        type: 3}
      propertyPath: m_RootOrder
      value: 0
      objectReference: {fileID: 0}
    - target: {fileID: 3495689486056106580, guid: 11f5bb57e3bee6b408ea802cf0ab2aff,
        type: 3}
      propertyPath: m_LocalPosition.x
      value: -40
      objectReference: {fileID: 0}
    - target: {fileID: 3495689486056106580, guid: 11f5bb57e3bee6b408ea802cf0ab2aff,
        type: 3}
      propertyPath: m_LocalPosition.y
      value: 40
      objectReference: {fileID: 0}
    - target: {fileID: 3495689486056106580, guid: 11f5bb57e3bee6b408ea802cf0ab2aff,
        type: 3}
      propertyPath: m_LocalPosition.z
      value: -75
      objectReference: {fileID: 0}
    - target: {fileID: 3495689486056106580, guid: 11f5bb57e3bee6b408ea802cf0ab2aff,
        type: 3}
      propertyPath: m_LocalRotation.w
      value: 0.94370925
      objectReference: {fileID: 0}
    - target: {fileID: 3495689486056106580, guid: 11f5bb57e3bee6b408ea802cf0ab2aff,
        type: 3}
      propertyPath: m_LocalRotation.x
      value: 0.3296002
      objectReference: {fileID: 0}
    - target: {fileID: 3495689486056106580, guid: 11f5bb57e3bee6b408ea802cf0ab2aff,
        type: 3}
      propertyPath: m_LocalRotation.y
      value: -0.026586121
      objectReference: {fileID: 0}
    - target: {fileID: 3495689486056106580, guid: 11f5bb57e3bee6b408ea802cf0ab2aff,
        type: 3}
      propertyPath: m_LocalRotation.z
      value: 0.008356795
      objectReference: {fileID: 0}
    - target: {fileID: 3495689486056106580, guid: 11f5bb57e3bee6b408ea802cf0ab2aff,
        type: 3}
      propertyPath: m_LocalEulerAnglesHint.x
      value: 38.502003
      objectReference: {fileID: 0}
    - target: {fileID: 3495689486056106580, guid: 11f5bb57e3bee6b408ea802cf0ab2aff,
        type: 3}
      propertyPath: m_LocalEulerAnglesHint.y
      value: -3.272
      objectReference: {fileID: 0}
    - target: {fileID: 3495689486056106580, guid: 11f5bb57e3bee6b408ea802cf0ab2aff,
        type: 3}
      propertyPath: m_LocalEulerAnglesHint.z
      value: -0.128
      objectReference: {fileID: 0}
    - target: {fileID: 3495689486056106581, guid: 11f5bb57e3bee6b408ea802cf0ab2aff,
        type: 3}
      propertyPath: m_SmoothSpeed
      value: 100
      objectReference: {fileID: 0}
    - target: {fileID: 3495689486056106581, guid: 11f5bb57e3bee6b408ea802cf0ab2aff,
        type: 3}
      propertyPath: m_ShakeCamParams.y
      value: 15
      objectReference: {fileID: 0}
    - target: {fileID: 3495689486056106587, guid: 11f5bb57e3bee6b408ea802cf0ab2aff,
        type: 3}
      propertyPath: m_Name
      value: GameCam
      objectReference: {fileID: 0}
    - target: {fileID: 4776824009667340718, guid: 11f5bb57e3bee6b408ea802cf0ab2aff,
        type: 3}
      propertyPath: m_ClearFlags
      value: 2
      objectReference: {fileID: 0}
    - target: {fileID: 4776824009667340718, guid: 11f5bb57e3bee6b408ea802cf0ab2aff,
        type: 3}
      propertyPath: orthographic
      value: 0
      objectReference: {fileID: 0}
    - target: {fileID: 4776824009667340718, guid: 11f5bb57e3bee6b408ea802cf0ab2aff,
        type: 3}
      propertyPath: field of view
      value: 15
      objectReference: {fileID: 0}
    - target: {fileID: 4776824009667340718, guid: 11f5bb57e3bee6b408ea802cf0ab2aff,
        type: 3}
      propertyPath: far clip plane
      value: 1000
      objectReference: {fileID: 0}
    - target: {fileID: 4776824009667340718, guid: 11f5bb57e3bee6b408ea802cf0ab2aff,
        type: 3}
      propertyPath: orthographic size
      value: 6.6
      objectReference: {fileID: 0}
    - target: {fileID: 4776824009667340718, guid: 11f5bb57e3bee6b408ea802cf0ab2aff,
        type: 3}
      propertyPath: m_BackGroundColor.a
      value: 0
      objectReference: {fileID: 0}
    - target: {fileID: 4776824009667340718, guid: 11f5bb57e3bee6b408ea802cf0ab2aff,
        type: 3}
      propertyPath: m_BackGroundColor.b
      value: 0.990566
      objectReference: {fileID: 0}
    - target: {fileID: 4776824009667340718, guid: 11f5bb57e3bee6b408ea802cf0ab2aff,
        type: 3}
      propertyPath: m_BackGroundColor.g
      value: 0.78488696
      objectReference: {fileID: 0}
    - target: {fileID: 4776824009667340718, guid: 11f5bb57e3bee6b408ea802cf0ab2aff,
        type: 3}
      propertyPath: m_BackGroundColor.r
      value: 0.5420078
      objectReference: {fileID: 0}
    - target: {fileID: 4776824009667340718, guid: 11f5bb57e3bee6b408ea802cf0ab2aff,
        type: 3}
      propertyPath: m_CullingMask.m_Bits
      value: 12583703
      objectReference: {fileID: 0}
    - target: {fileID: 4776824009667340718, guid: 11f5bb57e3bee6b408ea802cf0ab2aff,
        type: 3}
      propertyPath: m_NormalizedViewPortRect.width
      value: 1
      objectReference: {fileID: 0}
    - target: {fileID: 4776824009667340718, guid: 11f5bb57e3bee6b408ea802cf0ab2aff,
        type: 3}
      propertyPath: m_NormalizedViewPortRect.height
      value: 1
      objectReference: {fileID: 0}
    m_RemovedComponents: []
  m_SourcePrefab: {fileID: 100100000, guid: 11f5bb57e3bee6b408ea802cf0ab2aff, type: 3}
--- !u!4 &1222449114977410022 stripped
Transform:
  m_CorrespondingSourceObject: {fileID: 3495689486056106580, guid: 11f5bb57e3bee6b408ea802cf0ab2aff,
    type: 3}
  m_PrefabInstance: {fileID: 2338544612295651762}
  m_PrefabAsset: {fileID: 0}
--- !u!1001 &2749545040959133301
PrefabInstance:
  m_ObjectHideFlags: 0
  serializedVersion: 2
  m_Modification:
    m_TransformParent: {fileID: 9112155267366608128}
    m_Modifications:
    - target: {fileID: 750817463390752259, guid: 13955f1d8e9ae784cb611c3381d50275,
        type: 3}
      propertyPath: m_RootOrder
      value: 2
      objectReference: {fileID: 0}
    - target: {fileID: 750817463390752259, guid: 13955f1d8e9ae784cb611c3381d50275,
        type: 3}
      propertyPath: m_LocalPosition.x
      value: 0
      objectReference: {fileID: 0}
    - target: {fileID: 750817463390752259, guid: 13955f1d8e9ae784cb611c3381d50275,
        type: 3}
      propertyPath: m_LocalPosition.y
      value: 0
      objectReference: {fileID: 0}
    - target: {fileID: 750817463390752259, guid: 13955f1d8e9ae784cb611c3381d50275,
        type: 3}
      propertyPath: m_LocalPosition.z
      value: 0
      objectReference: {fileID: 0}
    - target: {fileID: 750817463390752259, guid: 13955f1d8e9ae784cb611c3381d50275,
        type: 3}
      propertyPath: m_LocalRotation.w
      value: 0.7071067
      objectReference: {fileID: 0}
    - target: {fileID: 750817463390752259, guid: 13955f1d8e9ae784cb611c3381d50275,
        type: 3}
      propertyPath: m_LocalRotation.x
      value: -0.7071068
      objectReference: {fileID: 0}
    - target: {fileID: 750817463390752259, guid: 13955f1d8e9ae784cb611c3381d50275,
        type: 3}
      propertyPath: m_LocalRotation.y
      value: 0
      objectReference: {fileID: 0}
    - target: {fileID: 750817463390752259, guid: 13955f1d8e9ae784cb611c3381d50275,
        type: 3}
      propertyPath: m_LocalRotation.z
      value: 0
      objectReference: {fileID: 0}
    - target: {fileID: 750817463390752259, guid: 13955f1d8e9ae784cb611c3381d50275,
        type: 3}
      propertyPath: m_LocalEulerAnglesHint.x
      value: 0
      objectReference: {fileID: 0}
    - target: {fileID: 750817463390752259, guid: 13955f1d8e9ae784cb611c3381d50275,
        type: 3}
      propertyPath: m_LocalEulerAnglesHint.y
      value: 0
      objectReference: {fileID: 0}
    - target: {fileID: 750817463390752259, guid: 13955f1d8e9ae784cb611c3381d50275,
        type: 3}
      propertyPath: m_LocalEulerAnglesHint.z
      value: 0
      objectReference: {fileID: 0}
    - target: {fileID: 750817463391179299, guid: 13955f1d8e9ae784cb611c3381d50275,
        type: 3}
      propertyPath: m_Name
      value: Eff_win_coin
      objectReference: {fileID: 0}
    - target: {fileID: 750817463391179299, guid: 13955f1d8e9ae784cb611c3381d50275,
        type: 3}
      propertyPath: m_IsActive
      value: 0
      objectReference: {fileID: 0}
    - target: {fileID: 750817463410193123, guid: 13955f1d8e9ae784cb611c3381d50275,
        type: 3}
      propertyPath: m_Materials.Array.size
      value: 1
      objectReference: {fileID: 0}
    - target: {fileID: 5714096767870850055, guid: 13955f1d8e9ae784cb611c3381d50275,
        type: 3}
      propertyPath: m_Materials.Array.size
      value: 1
      objectReference: {fileID: 0}
    m_RemovedComponents: []
  m_SourcePrefab: {fileID: 100100000, guid: 13955f1d8e9ae784cb611c3381d50275, type: 3}
--- !u!1 &3189437099964695638 stripped
GameObject:
  m_CorrespondingSourceObject: {fileID: 750817463391179299, guid: 13955f1d8e9ae784cb611c3381d50275,
    type: 3}
  m_PrefabInstance: {fileID: 2749545040959133301}
  m_PrefabAsset: {fileID: 0}
--- !u!1001 &2841848303996368467
PrefabInstance:
  m_ObjectHideFlags: 0
  serializedVersion: 2
  m_Modification:
    m_TransformParent: {fileID: 1222449115831796005}
    m_Modifications:
    - target: {fileID: 174373409740526337, guid: 23380e6a871717849b5a6a6780a414a3,
        type: 3}
      propertyPath: m_SortingOrder
      value: 1
      objectReference: {fileID: 0}
    - target: {fileID: 224921761461964949, guid: 23380e6a871717849b5a6a6780a414a3,
        type: 3}
      propertyPath: m_Name
      value: Driftwood
      objectReference: {fileID: 0}
    - target: {fileID: 224921761462314019, guid: 23380e6a871717849b5a6a6780a414a3,
        type: 3}
      propertyPath: m_RootOrder
      value: 1
      objectReference: {fileID: 0}
    - target: {fileID: 224921761462314019, guid: 23380e6a871717849b5a6a6780a414a3,
        type: 3}
      propertyPath: m_LocalPosition.x
      value: 0.03
      objectReference: {fileID: 0}
    - target: {fileID: 224921761462314019, guid: 23380e6a871717849b5a6a6780a414a3,
        type: 3}
      propertyPath: m_LocalPosition.y
      value: -4.23
      objectReference: {fileID: 0}
    - target: {fileID: 224921761462314019, guid: 23380e6a871717849b5a6a6780a414a3,
        type: 3}
      propertyPath: m_LocalPosition.z
      value: -0.65
      objectReference: {fileID: 0}
    - target: {fileID: 224921761462314019, guid: 23380e6a871717849b5a6a6780a414a3,
        type: 3}
      propertyPath: m_LocalRotation.w
      value: 0.7010574
      objectReference: {fileID: 0}
    - target: {fileID: 224921761462314019, guid: 23380e6a871717849b5a6a6780a414a3,
        type: 3}
      propertyPath: m_LocalRotation.x
      value: 0.7010574
      objectReference: {fileID: 0}
    - target: {fileID: 224921761462314019, guid: 23380e6a871717849b5a6a6780a414a3,
        type: 3}
      propertyPath: m_LocalRotation.y
      value: -0.09229592
      objectReference: {fileID: 0}
    - target: {fileID: 224921761462314019, guid: 23380e6a871717849b5a6a6780a414a3,
        type: 3}
      propertyPath: m_LocalRotation.z
      value: -0.09229592
      objectReference: {fileID: 0}
    - target: {fileID: 224921761462314019, guid: 23380e6a871717849b5a6a6780a414a3,
        type: 3}
      propertyPath: m_LocalEulerAnglesHint.x
      value: 105
      objectReference: {fileID: 0}
    - target: {fileID: 224921761462314019, guid: 23380e6a871717849b5a6a6780a414a3,
        type: 3}
      propertyPath: m_LocalEulerAnglesHint.y
      value: 90
      objectReference: {fileID: 0}
    - target: {fileID: 224921761462314019, guid: 23380e6a871717849b5a6a6780a414a3,
        type: 3}
      propertyPath: m_LocalEulerAnglesHint.z
      value: 90
      objectReference: {fileID: 0}
    - target: {fileID: 1695623412086117268, guid: 23380e6a871717849b5a6a6780a414a3,
        type: 3}
      propertyPath: m_SortingOrder
      value: 1
      objectReference: {fileID: 0}
    - target: {fileID: 1754417045797730388, guid: 23380e6a871717849b5a6a6780a414a3,
        type: 3}
      propertyPath: m_IsActive
      value: 0
      objectReference: {fileID: 0}
    - target: {fileID: 3146652317162670795, guid: 23380e6a871717849b5a6a6780a414a3,
        type: 3}
      propertyPath: m_AnimRole
      value: 
      objectReference: {fileID: 9164701275244582554}
    - target: {fileID: 3146652317162670795, guid: 23380e6a871717849b5a6a6780a414a3,
        type: 3}
      propertyPath: m_ObjEfft1
      value: 
      objectReference: {fileID: 2392397958681167901}
    - target: {fileID: 3146652317162670795, guid: 23380e6a871717849b5a6a6780a414a3,
        type: 3}
      propertyPath: m_ObjEfft2
      value: 
      objectReference: {fileID: 3189437099964695638}
    - target: {fileID: 3158695130181632407, guid: 23380e6a871717849b5a6a6780a414a3,
        type: 3}
      propertyPath: m_SortingOrder
      value: 1
      objectReference: {fileID: 0}
    - target: {fileID: 4482945641078227202, guid: 23380e6a871717849b5a6a6780a414a3,
        type: 3}
      propertyPath: m_SortingOrder
      value: 1
      objectReference: {fileID: 0}
    m_RemovedComponents: []
  m_SourcePrefab: {fileID: 100100000, guid: 23380e6a871717849b5a6a6780a414a3, type: 3}
--- !u!4 &6397402821385065047 stripped
Transform:
  m_CorrespondingSourceObject: {fileID: 9203217994430473220, guid: 23380e6a871717849b5a6a6780a414a3,
    type: 3}
  m_PrefabInstance: {fileID: 2841848303996368467}
  m_PrefabAsset: {fileID: 0}
--- !u!114 &926442336787627160 stripped
MonoBehaviour:
  m_CorrespondingSourceObject: {fileID: 3146652317162670795, guid: 23380e6a871717849b5a6a6780a414a3,
    type: 3}
  m_PrefabInstance: {fileID: 2841848303996368467}
  m_PrefabAsset: {fileID: 0}
  m_GameObject: {fileID: 0}
  m_Enabled: 1
  m_EditorHideFlags: 0
  m_Script: {fileID: 11500000, guid: 0e76a10cffa8adb46b2a8347082d461f, type: 3}
  m_Name: 
  m_EditorClassIdentifier: 
--- !u!4 &2625406029559009904 stripped
Transform:
  m_CorrespondingSourceObject: {fileID: 224921761462314019, guid: 23380e6a871717849b5a6a6780a414a3,
    type: 3}
  m_PrefabInstance: {fileID: 2841848303996368467}
  m_PrefabAsset: {fileID: 0}
--- !u!1001 &4942206518908786803
PrefabInstance:
  m_ObjectHideFlags: 0
  serializedVersion: 2
  m_Modification:
    m_TransformParent: {fileID: 386120870053221377}
    m_Modifications:
    - target: {fileID: 1630322210149402, guid: 0622c92e76e9a49409e4a7b6821a3fa5, type: 3}
      propertyPath: m_Name
      value: RiverMan
      objectReference: {fileID: 0}
    - target: {fileID: 4404592706077432, guid: 0622c92e76e9a49409e4a7b6821a3fa5, type: 3}
      propertyPath: m_RootOrder
      value: 1
      objectReference: {fileID: 0}
    - target: {fileID: 4404592706077432, guid: 0622c92e76e9a49409e4a7b6821a3fa5, type: 3}
      propertyPath: m_LocalScale.x
      value: 1
      objectReference: {fileID: 0}
    - target: {fileID: 4404592706077432, guid: 0622c92e76e9a49409e4a7b6821a3fa5, type: 3}
      propertyPath: m_LocalScale.y
      value: 1
      objectReference: {fileID: 0}
    - target: {fileID: 4404592706077432, guid: 0622c92e76e9a49409e4a7b6821a3fa5, type: 3}
      propertyPath: m_LocalScale.z
      value: 1
      objectReference: {fileID: 0}
    - target: {fileID: 4404592706077432, guid: 0622c92e76e9a49409e4a7b6821a3fa5, type: 3}
      propertyPath: m_LocalPosition.x
      value: 0.012130167
      objectReference: {fileID: 0}
    - target: {fileID: 4404592706077432, guid: 0622c92e76e9a49409e4a7b6821a3fa5, type: 3}
      propertyPath: m_LocalPosition.y
      value: 0.10500012
      objectReference: {fileID: 0}
    - target: {fileID: 4404592706077432, guid: 0622c92e76e9a49409e4a7b6821a3fa5, type: 3}
      propertyPath: m_LocalPosition.z
      value: -0.48919258
      objectReference: {fileID: 0}
    - target: {fileID: 4404592706077432, guid: 0622c92e76e9a49409e4a7b6821a3fa5, type: 3}
      propertyPath: m_LocalRotation.w
      value: 0.91201967
      objectReference: {fileID: 0}
    - target: {fileID: 4404592706077432, guid: 0622c92e76e9a49409e4a7b6821a3fa5, type: 3}
      propertyPath: m_LocalRotation.x
      value: -0
      objectReference: {fileID: 0}
    - target: {fileID: 4404592706077432, guid: 0622c92e76e9a49409e4a7b6821a3fa5, type: 3}
      propertyPath: m_LocalRotation.y
      value: 0.41014653
      objectReference: {fileID: 0}
    - target: {fileID: 4404592706077432, guid: 0622c92e76e9a49409e4a7b6821a3fa5, type: 3}
      propertyPath: m_LocalRotation.z
      value: -0
      objectReference: {fileID: 0}
    - target: {fileID: 4404592706077432, guid: 0622c92e76e9a49409e4a7b6821a3fa5, type: 3}
      propertyPath: m_LocalEulerAnglesHint.y
      value: 48.428
      objectReference: {fileID: 0}
    m_RemovedComponents:
    - {fileID: 114414605766582438, guid: 0622c92e76e9a49409e4a7b6821a3fa5, type: 3}
  m_SourcePrefab: {fileID: 100100000, guid: 0622c92e76e9a49409e4a7b6821a3fa5, type: 3}
--- !u!4 &4943152838102342283 stripped
Transform:
  m_CorrespondingSourceObject: {fileID: 4404592706077432, guid: 0622c92e76e9a49409e4a7b6821a3fa5,
    type: 3}
  m_PrefabInstance: {fileID: 4942206518908786803}
  m_PrefabAsset: {fileID: 0}
--- !u!95 &5027198156901176595 stripped
Animator:
  m_CorrespondingSourceObject: {fileID: 95152502847720800, guid: 0622c92e76e9a49409e4a7b6821a3fa5,
    type: 3}
  m_PrefabInstance: {fileID: 4942206518908786803}
  m_PrefabAsset: {fileID: 0}
--- !u!1001 &5162931190149478347
PrefabInstance:
  m_ObjectHideFlags: 0
  serializedVersion: 2
  m_Modification:
    m_TransformParent: {fileID: 4943152838102342283}
    m_Modifications:
    - target: {fileID: 750817463390752259, guid: 13955f1d8e9ae784cb611c3381d50275,
        type: 3}
      propertyPath: m_RootOrder
      value: 2
      objectReference: {fileID: 0}
    - target: {fileID: 750817463390752259, guid: 13955f1d8e9ae784cb611c3381d50275,
        type: 3}
      propertyPath: m_LocalPosition.x
      value: 0
      objectReference: {fileID: 0}
    - target: {fileID: 750817463390752259, guid: 13955f1d8e9ae784cb611c3381d50275,
        type: 3}
      propertyPath: m_LocalPosition.y
      value: 0
      objectReference: {fileID: 0}
    - target: {fileID: 750817463390752259, guid: 13955f1d8e9ae784cb611c3381d50275,
        type: 3}
      propertyPath: m_LocalPosition.z
      value: 0
      objectReference: {fileID: 0}
    - target: {fileID: 750817463390752259, guid: 13955f1d8e9ae784cb611c3381d50275,
        type: 3}
      propertyPath: m_LocalRotation.w
      value: 0.7071067
      objectReference: {fileID: 0}
    - target: {fileID: 750817463390752259, guid: 13955f1d8e9ae784cb611c3381d50275,
        type: 3}
      propertyPath: m_LocalRotation.x
      value: -0.7071068
      objectReference: {fileID: 0}
    - target: {fileID: 750817463390752259, guid: 13955f1d8e9ae784cb611c3381d50275,
        type: 3}
      propertyPath: m_LocalRotation.y
      value: 0
      objectReference: {fileID: 0}
    - target: {fileID: 750817463390752259, guid: 13955f1d8e9ae784cb611c3381d50275,
        type: 3}
      propertyPath: m_LocalRotation.z
      value: 0
      objectReference: {fileID: 0}
    - target: {fileID: 750817463390752259, guid: 13955f1d8e9ae784cb611c3381d50275,
        type: 3}
      propertyPath: m_LocalEulerAnglesHint.x
      value: 0
      objectReference: {fileID: 0}
    - target: {fileID: 750817463390752259, guid: 13955f1d8e9ae784cb611c3381d50275,
        type: 3}
      propertyPath: m_LocalEulerAnglesHint.y
      value: 0
      objectReference: {fileID: 0}
    - target: {fileID: 750817463390752259, guid: 13955f1d8e9ae784cb611c3381d50275,
        type: 3}
      propertyPath: m_LocalEulerAnglesHint.z
      value: 0
      objectReference: {fileID: 0}
    - target: {fileID: 750817463391179299, guid: 13955f1d8e9ae784cb611c3381d50275,
        type: 3}
      propertyPath: m_Name
      value: Eff_win_coin
      objectReference: {fileID: 0}
    - target: {fileID: 750817463391179299, guid: 13955f1d8e9ae784cb611c3381d50275,
        type: 3}
      propertyPath: m_IsActive
      value: 0
      objectReference: {fileID: 0}
    - target: {fileID: 750817463410150211, guid: 13955f1d8e9ae784cb611c3381d50275,
        type: 3}
      propertyPath: CollisionModule.collidesWith.m_Bits
      value: 4294967295
      objectReference: {fileID: 0}
    - target: {fileID: 750817463410193123, guid: 13955f1d8e9ae784cb611c3381d50275,
        type: 3}
      propertyPath: m_Materials.Array.size
      value: 1
      objectReference: {fileID: 0}
    - target: {fileID: 5714096767870850055, guid: 13955f1d8e9ae784cb611c3381d50275,
        type: 3}
      propertyPath: m_Materials.Array.size
      value: 1
      objectReference: {fileID: 0}
    m_RemovedComponents: []
  m_SourcePrefab: {fileID: 100100000, guid: 13955f1d8e9ae784cb611c3381d50275, type: 3}
--- !u!1 &5606165773076899304 stripped
GameObject:
  m_CorrespondingSourceObject: {fileID: 750817463391179299, guid: 13955f1d8e9ae784cb611c3381d50275,
    type: 3}
  m_PrefabInstance: {fileID: 5162931190149478347}
  m_PrefabAsset: {fileID: 0}
--- !u!1001 &5192964112674881040
PrefabInstance:
  m_ObjectHideFlags: 0
  serializedVersion: 2
  m_Modification:
    m_TransformParent: {fileID: 1222449114642498547}
    m_Modifications:
    - target: {fileID: 6063945677256930889, guid: 4dbd4045d317e5248a4b1acfac4795ef,
        type: 3}
      propertyPath: m_IsActive
      value: 0
      objectReference: {fileID: 0}
    - target: {fileID: 6405842321312052126, guid: 4dbd4045d317e5248a4b1acfac4795ef,
        type: 3}
      propertyPath: m_RootOrder
      value: 0
      objectReference: {fileID: 0}
    - target: {fileID: 6405842321312052126, guid: 4dbd4045d317e5248a4b1acfac4795ef,
        type: 3}
      propertyPath: m_LocalPosition.x
      value: -3.9
      objectReference: {fileID: 0}
    - target: {fileID: 6405842321312052126, guid: 4dbd4045d317e5248a4b1acfac4795ef,
        type: 3}
      propertyPath: m_LocalPosition.y
      value: 7
      objectReference: {fileID: 0}
    - target: {fileID: 6405842321312052126, guid: 4dbd4045d317e5248a4b1acfac4795ef,
        type: 3}
      propertyPath: m_LocalPosition.z
      value: -5
      objectReference: {fileID: 0}
    - target: {fileID: 6405842321312052126, guid: 4dbd4045d317e5248a4b1acfac4795ef,
        type: 3}
      propertyPath: m_LocalRotation.w
      value: 1
      objectReference: {fileID: 0}
    - target: {fileID: 6405842321312052126, guid: 4dbd4045d317e5248a4b1acfac4795ef,
        type: 3}
      propertyPath: m_LocalRotation.x
      value: -0
      objectReference: {fileID: 0}
    - target: {fileID: 6405842321312052126, guid: 4dbd4045d317e5248a4b1acfac4795ef,
        type: 3}
      propertyPath: m_LocalRotation.y
      value: -0
      objectReference: {fileID: 0}
    - target: {fileID: 6405842321312052126, guid: 4dbd4045d317e5248a4b1acfac4795ef,
        type: 3}
      propertyPath: m_LocalRotation.z
      value: -0
      objectReference: {fileID: 0}
    - target: {fileID: 6405842321312052126, guid: 4dbd4045d317e5248a4b1acfac4795ef,
        type: 3}
      propertyPath: m_LocalEulerAnglesHint.x
      value: 0
      objectReference: {fileID: 0}
    - target: {fileID: 6405842321312052126, guid: 4dbd4045d317e5248a4b1acfac4795ef,
        type: 3}
      propertyPath: m_LocalEulerAnglesHint.y
      value: 0
      objectReference: {fileID: 0}
    - target: {fileID: 6405842321312052126, guid: 4dbd4045d317e5248a4b1acfac4795ef,
        type: 3}
      propertyPath: m_LocalEulerAnglesHint.z
      value: 0
      objectReference: {fileID: 0}
    - target: {fileID: 6405842321312052127, guid: 4dbd4045d317e5248a4b1acfac4795ef,
        type: 3}
      propertyPath: radius
      value: 0.8
      objectReference: {fileID: 0}
    - target: {fileID: 6405842321312052129, guid: 4dbd4045d317e5248a4b1acfac4795ef,
        type: 3}
      propertyPath: m_Name
      value: Cloud
      objectReference: {fileID: 0}
    m_RemovedComponents: []
  m_SourcePrefab: {fileID: 100100000, guid: 4dbd4045d317e5248a4b1acfac4795ef, type: 3}
--- !u!4 &1222449113860246926 stripped
Transform:
  m_CorrespondingSourceObject: {fileID: 6405842321312052126, guid: 4dbd4045d317e5248a4b1acfac4795ef,
    type: 3}
  m_PrefabInstance: {fileID: 5192964112674881040}
  m_PrefabAsset: {fileID: 0}
--- !u!1 &1222449113860246961 stripped
GameObject:
  m_CorrespondingSourceObject: {fileID: 6405842321312052129, guid: 4dbd4045d317e5248a4b1acfac4795ef,
    type: 3}
  m_PrefabInstance: {fileID: 5192964112674881040}
  m_PrefabAsset: {fileID: 0}
--- !u!1001 &5226354185144785068
PrefabInstance:
  m_ObjectHideFlags: 0
  serializedVersion: 2
  m_Modification:
    m_TransformParent: {fileID: 1222449115831796005}
    m_Modifications:
    - target: {fileID: 3712881712915401997, guid: 35d617064217d3d449adcaaa41918187,
        type: 3}
      propertyPath: m_AnimRole
      value: 
      objectReference: {fileID: 5027198156901176595}
    - target: {fileID: 3712881712915401997, guid: 35d617064217d3d449adcaaa41918187,
        type: 3}
      propertyPath: m_ObjEfft1
      value: 
      objectReference: {fileID: 1866732548051460191}
    - target: {fileID: 3712881712915401997, guid: 35d617064217d3d449adcaaa41918187,
        type: 3}
      propertyPath: m_ObjEfft2
      value: 
      objectReference: {fileID: 5606165773076899304}
    - target: {fileID: 5610495104134973813, guid: 35d617064217d3d449adcaaa41918187,
        type: 3}
      propertyPath: m_Name
      value: Raft
      objectReference: {fileID: 0}
    - target: {fileID: 5610495104135285933, guid: 35d617064217d3d449adcaaa41918187,
        type: 3}
      propertyPath: m_RootOrder
      value: 0
      objectReference: {fileID: 0}
    - target: {fileID: 5610495104135285933, guid: 35d617064217d3d449adcaaa41918187,
        type: 3}
      propertyPath: m_LocalPosition.x
      value: -0.525
      objectReference: {fileID: 0}
    - target: {fileID: 5610495104135285933, guid: 35d617064217d3d449adcaaa41918187,
        type: 3}
      propertyPath: m_LocalPosition.y
      value: 4.08
      objectReference: {fileID: 0}
    - target: {fileID: 5610495104135285933, guid: 35d617064217d3d449adcaaa41918187,
        type: 3}
      propertyPath: m_LocalPosition.z
      value: -0.32999998
      objectReference: {fileID: 0}
    - target: {fileID: 5610495104135285933, guid: 35d617064217d3d449adcaaa41918187,
        type: 3}
      propertyPath: m_LocalRotation.w
      value: 0.70710677
      objectReference: {fileID: 0}
    - target: {fileID: 5610495104135285933, guid: 35d617064217d3d449adcaaa41918187,
        type: 3}
      propertyPath: m_LocalRotation.x
      value: 0.70710677
      objectReference: {fileID: 0}
    - target: {fileID: 5610495104135285933, guid: 35d617064217d3d449adcaaa41918187,
        type: 3}
      propertyPath: m_LocalRotation.y
      value: 0
      objectReference: {fileID: 0}
    - target: {fileID: 5610495104135285933, guid: 35d617064217d3d449adcaaa41918187,
        type: 3}
      propertyPath: m_LocalRotation.z
      value: 0
      objectReference: {fileID: 0}
    - target: {fileID: 5610495104135285933, guid: 35d617064217d3d449adcaaa41918187,
        type: 3}
      propertyPath: m_LocalEulerAnglesHint.x
      value: 90
      objectReference: {fileID: 0}
    - target: {fileID: 5610495104135285933, guid: 35d617064217d3d449adcaaa41918187,
        type: 3}
      propertyPath: m_LocalEulerAnglesHint.y
      value: 90
      objectReference: {fileID: 0}
    - target: {fileID: 5610495104135285933, guid: 35d617064217d3d449adcaaa41918187,
        type: 3}
      propertyPath: m_LocalEulerAnglesHint.z
      value: 90
      objectReference: {fileID: 0}
    - target: {fileID: 5610495104141285273, guid: 35d617064217d3d449adcaaa41918187,
        type: 3}
      propertyPath: m_Enabled
      value: 1
      objectReference: {fileID: 0}
    m_RemovedComponents:
    - {fileID: 5610495104141285273, guid: 35d617064217d3d449adcaaa41918187, type: 3}
  m_SourcePrefab: {fileID: 100100000, guid: 35d617064217d3d449adcaaa41918187, type: 3}
--- !u!114 &8863492328618431905 stripped
MonoBehaviour:
  m_CorrespondingSourceObject: {fileID: 3712881712915401997, guid: 35d617064217d3d449adcaaa41918187,
    type: 3}
  m_PrefabInstance: {fileID: 5226354185144785068}
  m_PrefabAsset: {fileID: 0}
  m_GameObject: {fileID: 386120870053466585}
  m_Enabled: 1
  m_EditorHideFlags: 0
  m_Script: {fileID: 11500000, guid: 0e76a10cffa8adb46b2a8347082d461f, type: 3}
  m_Name: 
  m_EditorClassIdentifier: 
--- !u!4 &386120870053221377 stripped
Transform:
  m_CorrespondingSourceObject: {fileID: 5610495104135285933, guid: 35d617064217d3d449adcaaa41918187,
    type: 3}
  m_PrefabInstance: {fileID: 5226354185144785068}
  m_PrefabAsset: {fileID: 0}
--- !u!1 &386120870053466585 stripped
GameObject:
  m_CorrespondingSourceObject: {fileID: 5610495104134973813, guid: 35d617064217d3d449adcaaa41918187,
    type: 3}
  m_PrefabInstance: {fileID: 5226354185144785068}
  m_PrefabAsset: {fileID: 0}
--- !u!1001 &5374053482261720711
PrefabInstance:
  m_ObjectHideFlags: 0
  serializedVersion: 2
  m_Modification:
    m_TransformParent: {fileID: 1222449115646012961}
    m_Modifications:
    - target: {fileID: 6513185641789665186, guid: 37c34ca4f5fc8de42bff5b8ae46a76e2,
        type: 3}
      propertyPath: m_RootOrder
      value: 0
      objectReference: {fileID: 0}
    - target: {fileID: 6513185641789665186, guid: 37c34ca4f5fc8de42bff5b8ae46a76e2,
        type: 3}
      propertyPath: m_LocalPosition.x
      value: 0
      objectReference: {fileID: 0}
    - target: {fileID: 6513185641789665186, guid: 37c34ca4f5fc8de42bff5b8ae46a76e2,
        type: 3}
      propertyPath: m_LocalPosition.y
      value: 0
      objectReference: {fileID: 0}
    - target: {fileID: 6513185641789665186, guid: 37c34ca4f5fc8de42bff5b8ae46a76e2,
        type: 3}
      propertyPath: m_LocalPosition.z
      value: 0
      objectReference: {fileID: 0}
    - target: {fileID: 6513185641789665186, guid: 37c34ca4f5fc8de42bff5b8ae46a76e2,
        type: 3}
      propertyPath: m_LocalRotation.w
      value: 0.5
      objectReference: {fileID: 0}
    - target: {fileID: 6513185641789665186, guid: 37c34ca4f5fc8de42bff5b8ae46a76e2,
        type: 3}
      propertyPath: m_LocalRotation.x
      value: -0.5
      objectReference: {fileID: 0}
    - target: {fileID: 6513185641789665186, guid: 37c34ca4f5fc8de42bff5b8ae46a76e2,
        type: 3}
      propertyPath: m_LocalRotation.y
      value: 0.5
      objectReference: {fileID: 0}
    - target: {fileID: 6513185641789665186, guid: 37c34ca4f5fc8de42bff5b8ae46a76e2,
        type: 3}
      propertyPath: m_LocalRotation.z
      value: 0.5
      objectReference: {fileID: 0}
    - target: {fileID: 6513185641789665186, guid: 37c34ca4f5fc8de42bff5b8ae46a76e2,
        type: 3}
      propertyPath: m_LocalEulerAnglesHint.x
      value: 0
      objectReference: {fileID: 0}
    - target: {fileID: 6513185641789665186, guid: 37c34ca4f5fc8de42bff5b8ae46a76e2,
        type: 3}
      propertyPath: m_LocalEulerAnglesHint.y
      value: 0
      objectReference: {fileID: 0}
    - target: {fileID: 6513185641789665186, guid: 37c34ca4f5fc8de42bff5b8ae46a76e2,
        type: 3}
      propertyPath: m_LocalEulerAnglesHint.z
      value: 0
      objectReference: {fileID: 0}
    - target: {fileID: 6513185641789665187, guid: 37c34ca4f5fc8de42bff5b8ae46a76e2,
        type: 3}
      propertyPath: m_Name
      value: River
      objectReference: {fileID: 0}
    - target: {fileID: 6513185641789665187, guid: 37c34ca4f5fc8de42bff5b8ae46a76e2,
        type: 3}
      propertyPath: m_IsActive
      value: 1
      objectReference: {fileID: 0}
    m_RemovedComponents: []
  m_SourcePrefab: {fileID: 100100000, guid: 37c34ca4f5fc8de42bff5b8ae46a76e2, type: 3}
--- !u!4 &1222449115831796005 stripped
Transform:
  m_CorrespondingSourceObject: {fileID: 6513185641789665186, guid: 37c34ca4f5fc8de42bff5b8ae46a76e2,
    type: 3}
  m_PrefabInstance: {fileID: 5374053482261720711}
  m_PrefabAsset: {fileID: 0}
--- !u!1001 &6166549632705877381
PrefabInstance:
  m_ObjectHideFlags: 0
  serializedVersion: 2
  m_Modification:
    m_TransformParent: {fileID: 4943152838102342283}
    m_Modifications:
    - target: {fileID: 5509040771165828570, guid: 696df028b071b764a9eedfe006e943c9,
        type: 3}
      propertyPath: m_Name
      value: Eff_win_cd
      objectReference: {fileID: 0}
    - target: {fileID: 5509040771165828570, guid: 696df028b071b764a9eedfe006e943c9,
        type: 3}
      propertyPath: m_IsActive
      value: 0
      objectReference: {fileID: 0}
    - target: {fileID: 5509040771165857712, guid: 696df028b071b764a9eedfe006e943c9,
        type: 3}
      propertyPath: m_RootOrder
      value: 3
      objectReference: {fileID: 0}
    - target: {fileID: 5509040771165857712, guid: 696df028b071b764a9eedfe006e943c9,
        type: 3}
      propertyPath: m_LocalPosition.x
      value: 0
      objectReference: {fileID: 0}
    - target: {fileID: 5509040771165857712, guid: 696df028b071b764a9eedfe006e943c9,
        type: 3}
      propertyPath: m_LocalPosition.y
      value: 1.73
      objectReference: {fileID: 0}
    - target: {fileID: 5509040771165857712, guid: 696df028b071b764a9eedfe006e943c9,
        type: 3}
      propertyPath: m_LocalPosition.z
      value: 0
      objectReference: {fileID: 0}
    - target: {fileID: 5509040771165857712, guid: 696df028b071b764a9eedfe006e943c9,
        type: 3}
      propertyPath: m_LocalRotation.w
      value: 0.7071068
      objectReference: {fileID: 0}
    - target: {fileID: 5509040771165857712, guid: 696df028b071b764a9eedfe006e943c9,
        type: 3}
      propertyPath: m_LocalRotation.x
      value: -0.7071068
      objectReference: {fileID: 0}
    - target: {fileID: 5509040771165857712, guid: 696df028b071b764a9eedfe006e943c9,
        type: 3}
      propertyPath: m_LocalRotation.y
      value: -0
      objectReference: {fileID: 0}
    - target: {fileID: 5509040771165857712, guid: 696df028b071b764a9eedfe006e943c9,
        type: 3}
      propertyPath: m_LocalRotation.z
      value: -0
      objectReference: {fileID: 0}
    - target: {fileID: 5509040771165857712, guid: 696df028b071b764a9eedfe006e943c9,
        type: 3}
      propertyPath: m_LocalEulerAnglesHint.x
      value: -90
      objectReference: {fileID: 0}
    - target: {fileID: 5509040771165857712, guid: 696df028b071b764a9eedfe006e943c9,
        type: 3}
      propertyPath: m_LocalEulerAnglesHint.y
      value: 0
      objectReference: {fileID: 0}
    - target: {fileID: 5509040771165857712, guid: 696df028b071b764a9eedfe006e943c9,
        type: 3}
      propertyPath: m_LocalEulerAnglesHint.z
      value: 0
      objectReference: {fileID: 0}
    - target: {fileID: 5509040771179351930, guid: 696df028b071b764a9eedfe006e943c9,
        type: 3}
      propertyPath: m_Materials.Array.size
      value: 1
      objectReference: {fileID: 0}
    m_RemovedComponents: []
  m_SourcePrefab: {fileID: 100100000, guid: 696df028b071b764a9eedfe006e943c9, type: 3}
--- !u!1 &1866732548051460191 stripped
GameObject:
  m_CorrespondingSourceObject: {fileID: 5509040771165828570, guid: 696df028b071b764a9eedfe006e943c9,
    type: 3}
  m_PrefabInstance: {fileID: 6166549632705877381}
  m_PrefabAsset: {fileID: 0}
--- !u!1001 &6255426193980779440
PrefabInstance:
  m_ObjectHideFlags: 0
  serializedVersion: 2
  m_Modification:
    m_TransformParent: {fileID: 6397402821385065047}
    m_Modifications:
    - target: {fileID: 1335227633599629377, guid: 5da15822917060d4a94c6fed2f51e50a,
        type: 3}
      propertyPath: m_Name
      value: Eff_smoke_black
      objectReference: {fileID: 0}
    - target: {fileID: 2130962684238611195, guid: 5da15822917060d4a94c6fed2f51e50a,
        type: 3}
      propertyPath: m_Materials.Array.size
      value: 1
      objectReference: {fileID: 0}
    - target: {fileID: 4434480908347986683, guid: 5da15822917060d4a94c6fed2f51e50a,
        type: 3}
      propertyPath: m_RootOrder
      value: 2
      objectReference: {fileID: 0}
    - target: {fileID: 4434480908347986683, guid: 5da15822917060d4a94c6fed2f51e50a,
        type: 3}
      propertyPath: m_LocalScale.x
      value: 0.5
      objectReference: {fileID: 0}
    - target: {fileID: 4434480908347986683, guid: 5da15822917060d4a94c6fed2f51e50a,
        type: 3}
      propertyPath: m_LocalScale.y
      value: 0.5
      objectReference: {fileID: 0}
    - target: {fileID: 4434480908347986683, guid: 5da15822917060d4a94c6fed2f51e50a,
        type: 3}
      propertyPath: m_LocalScale.z
      value: 0.5
      objectReference: {fileID: 0}
    - target: {fileID: 4434480908347986683, guid: 5da15822917060d4a94c6fed2f51e50a,
        type: 3}
      propertyPath: m_LocalPosition.x
      value: 0
      objectReference: {fileID: 0}
    - target: {fileID: 4434480908347986683, guid: 5da15822917060d4a94c6fed2f51e50a,
        type: 3}
      propertyPath: m_LocalPosition.y
      value: 0
      objectReference: {fileID: 0}
    - target: {fileID: 4434480908347986683, guid: 5da15822917060d4a94c6fed2f51e50a,
        type: 3}
      propertyPath: m_LocalPosition.z
      value: 0
      objectReference: {fileID: 0}
    - target: {fileID: 4434480908347986683, guid: 5da15822917060d4a94c6fed2f51e50a,
        type: 3}
      propertyPath: m_LocalRotation.w
      value: 1
      objectReference: {fileID: 0}
    - target: {fileID: 4434480908347986683, guid: 5da15822917060d4a94c6fed2f51e50a,
        type: 3}
      propertyPath: m_LocalRotation.x
      value: 0
      objectReference: {fileID: 0}
    - target: {fileID: 4434480908347986683, guid: 5da15822917060d4a94c6fed2f51e50a,
        type: 3}
      propertyPath: m_LocalRotation.y
      value: 0
      objectReference: {fileID: 0}
    - target: {fileID: 4434480908347986683, guid: 5da15822917060d4a94c6fed2f51e50a,
        type: 3}
      propertyPath: m_LocalRotation.z
      value: 0
      objectReference: {fileID: 0}
    - target: {fileID: 4434480908347986683, guid: 5da15822917060d4a94c6fed2f51e50a,
        type: 3}
      propertyPath: m_LocalEulerAnglesHint.x
      value: 0
      objectReference: {fileID: 0}
    - target: {fileID: 4434480908347986683, guid: 5da15822917060d4a94c6fed2f51e50a,
        type: 3}
      propertyPath: m_LocalEulerAnglesHint.y
      value: 0
      objectReference: {fileID: 0}
    - target: {fileID: 4434480908347986683, guid: 5da15822917060d4a94c6fed2f51e50a,
        type: 3}
      propertyPath: m_LocalEulerAnglesHint.z
      value: 0
      objectReference: {fileID: 0}
    - target: {fileID: 8376786840647969331, guid: 5da15822917060d4a94c6fed2f51e50a,
        type: 3}
      propertyPath: m_Materials.Array.size
      value: 1
      objectReference: {fileID: 0}
    m_RemovedComponents: []
  m_SourcePrefab: {fileID: 100100000, guid: 5da15822917060d4a94c6fed2f51e50a, type: 3}
--- !u!1001 &7874414344379055559
PrefabInstance:
  m_ObjectHideFlags: 0
  serializedVersion: 2
  m_Modification:
    m_TransformParent: {fileID: 9112155267366608128}
    m_Modifications:
    - target: {fileID: 5509040771165828570, guid: 696df028b071b764a9eedfe006e943c9,
        type: 3}
      propertyPath: m_Name
      value: Eff_win_cd
      objectReference: {fileID: 0}
    - target: {fileID: 5509040771165828570, guid: 696df028b071b764a9eedfe006e943c9,
        type: 3}
      propertyPath: m_IsActive
      value: 0
      objectReference: {fileID: 0}
    - target: {fileID: 5509040771165857712, guid: 696df028b071b764a9eedfe006e943c9,
        type: 3}
      propertyPath: m_RootOrder
      value: 3
      objectReference: {fileID: 0}
    - target: {fileID: 5509040771165857712, guid: 696df028b071b764a9eedfe006e943c9,
        type: 3}
      propertyPath: m_LocalPosition.x
      value: 0
      objectReference: {fileID: 0}
    - target: {fileID: 5509040771165857712, guid: 696df028b071b764a9eedfe006e943c9,
        type: 3}
      propertyPath: m_LocalPosition.y
      value: 1.73
      objectReference: {fileID: 0}
    - target: {fileID: 5509040771165857712, guid: 696df028b071b764a9eedfe006e943c9,
        type: 3}
      propertyPath: m_LocalPosition.z
      value: 0
      objectReference: {fileID: 0}
    - target: {fileID: 5509040771165857712, guid: 696df028b071b764a9eedfe006e943c9,
        type: 3}
      propertyPath: m_LocalRotation.w
      value: 0.7071068
      objectReference: {fileID: 0}
    - target: {fileID: 5509040771165857712, guid: 696df028b071b764a9eedfe006e943c9,
        type: 3}
      propertyPath: m_LocalRotation.x
      value: -0.7071068
      objectReference: {fileID: 0}
    - target: {fileID: 5509040771165857712, guid: 696df028b071b764a9eedfe006e943c9,
        type: 3}
      propertyPath: m_LocalRotation.y
      value: -0
      objectReference: {fileID: 0}
    - target: {fileID: 5509040771165857712, guid: 696df028b071b764a9eedfe006e943c9,
        type: 3}
      propertyPath: m_LocalRotation.z
      value: -0
      objectReference: {fileID: 0}
    - target: {fileID: 5509040771165857712, guid: 696df028b071b764a9eedfe006e943c9,
        type: 3}
      propertyPath: m_LocalEulerAnglesHint.x
      value: -90
      objectReference: {fileID: 0}
    - target: {fileID: 5509040771165857712, guid: 696df028b071b764a9eedfe006e943c9,
        type: 3}
      propertyPath: m_LocalEulerAnglesHint.y
      value: 0
      objectReference: {fileID: 0}
    - target: {fileID: 5509040771165857712, guid: 696df028b071b764a9eedfe006e943c9,
        type: 3}
      propertyPath: m_LocalEulerAnglesHint.z
      value: 0
      objectReference: {fileID: 0}
    - target: {fileID: 5509040771179351930, guid: 696df028b071b764a9eedfe006e943c9,
        type: 3}
      propertyPath: m_Materials.Array.size
      value: 1
      objectReference: {fileID: 0}
    m_RemovedComponents: []
  m_SourcePrefab: {fileID: 100100000, guid: 696df028b071b764a9eedfe006e943c9, type: 3}
--- !u!1 &2392397958681167901 stripped
GameObject:
  m_CorrespondingSourceObject: {fileID: 5509040771165828570, guid: 696df028b071b764a9eedfe006e943c9,
    type: 3}
  m_PrefabInstance: {fileID: 7874414344379055559}
  m_PrefabAsset: {fileID: 0}
--- !u!1001 &9114122787771288194
PrefabInstance:
  m_ObjectHideFlags: 0
  serializedVersion: 2
  m_Modification:
    m_TransformParent: {fileID: 2625406029559009904}
    m_Modifications:
    - target: {fileID: 1836293742052832, guid: 1d6fdc94aff822e43b42a74383801014, type: 3}
      propertyPath: m_Name
      value: RiverWeman
      objectReference: {fileID: 0}
    - target: {fileID: 4290899927488386, guid: 1d6fdc94aff822e43b42a74383801014, type: 3}
      propertyPath: m_RootOrder
      value: 2
      objectReference: {fileID: 0}
    - target: {fileID: 4290899927488386, guid: 1d6fdc94aff822e43b42a74383801014, type: 3}
      propertyPath: m_LocalScale.x
      value: 0.41666654
      objectReference: {fileID: 0}
    - target: {fileID: 4290899927488386, guid: 1d6fdc94aff822e43b42a74383801014, type: 3}
      propertyPath: m_LocalScale.y
      value: 0.41666675
      objectReference: {fileID: 0}
    - target: {fileID: 4290899927488386, guid: 1d6fdc94aff822e43b42a74383801014, type: 3}
      propertyPath: m_LocalScale.z
      value: 0.41666654
      objectReference: {fileID: 0}
    - target: {fileID: 4290899927488386, guid: 1d6fdc94aff822e43b42a74383801014, type: 3}
      propertyPath: m_LocalPosition.x
      value: 0.008251005
      objectReference: {fileID: 0}
    - target: {fileID: 4290899927488386, guid: 1d6fdc94aff822e43b42a74383801014, type: 3}
      propertyPath: m_LocalPosition.y
      value: 0.3333252
      objectReference: {fileID: 0}
    - target: {fileID: 4290899927488386, guid: 1d6fdc94aff822e43b42a74383801014, type: 3}
      propertyPath: m_LocalPosition.z
      value: -0.019881293
      objectReference: {fileID: 0}
    - target: {fileID: 4290899927488386, guid: 1d6fdc94aff822e43b42a74383801014, type: 3}
      propertyPath: m_LocalRotation.w
      value: -0.13171755
      objectReference: {fileID: 0}
    - target: {fileID: 4290899927488386, guid: 1d6fdc94aff822e43b42a74383801014, type: 3}
      propertyPath: m_LocalRotation.x
      value: -0
      objectReference: {fileID: 0}
    - target: {fileID: 4290899927488386, guid: 1d6fdc94aff822e43b42a74383801014, type: 3}
      propertyPath: m_LocalRotation.y
      value: -0.99128735
      objectReference: {fileID: 0}
    - target: {fileID: 4290899927488386, guid: 1d6fdc94aff822e43b42a74383801014, type: 3}
      propertyPath: m_LocalRotation.z
      value: -0
      objectReference: {fileID: 0}
    - target: {fileID: 4290899927488386, guid: 1d6fdc94aff822e43b42a74383801014, type: 3}
      propertyPath: m_LocalEulerAnglesHint.y
      value: -195.13799
      objectReference: {fileID: 0}
    m_RemovedComponents:
    - {fileID: 114300911758053360, guid: 1d6fdc94aff822e43b42a74383801014, type: 3}
  m_SourcePrefab: {fileID: 100100000, guid: 1d6fdc94aff822e43b42a74383801014, type: 3}
--- !u!4 &9112155267366608128 stripped
Transform:
  m_CorrespondingSourceObject: {fileID: 4290899927488386, guid: 1d6fdc94aff822e43b42a74383801014,
    type: 3}
  m_PrefabInstance: {fileID: 9114122787771288194}
  m_PrefabAsset: {fileID: 0}
--- !u!95 &9164701275244582554 stripped
Animator:
  m_CorrespondingSourceObject: {fileID: 95790706268003352, guid: 1d6fdc94aff822e43b42a74383801014,
    type: 3}
  m_PrefabInstance: {fileID: 9114122787771288194}
  m_PrefabAsset: {fileID: 0}
