%YAML 1.1
%TAG !u! tag:unity3d.com,2011:
--- !u!1 &224921761461964949
GameObject:
  m_ObjectHideFlags: 0
  m_CorrespondingSourceObject: {fileID: 0}
  m_PrefabInstance: {fileID: 0}
  m_PrefabAsset: {fileID: 0}
  serializedVersion: 6
  m_Component:
  - component: {fileID: 224921761462314019}
  - component: {fileID: 224921761458878923}
  - component: {fileID: 224921761459998341}
  - component: {fileID: 287287411303514681}
  - component: {fileID: 3146652317162670795}
  - component: {fileID: 6231650498944705703}
  m_Layer: 0
  m_Name: Driftwood
  m_TagString: Untagged
  m_Icon: {fileID: 0}
  m_NavMeshLayer: 0
  m_StaticEditorFlags: 0
  m_IsActive: 1
--- !u!4 &224921761462314019
Transform:
  m_ObjectHideFlags: 0
  m_CorrespondingSourceObject: {fileID: 0}
  m_PrefabInstance: {fileID: 0}
  m_PrefabAsset: {fileID: 0}
  m_GameObject: {fileID: 224921761461964949}
  m_LocalRotation: {x: 0, y: 0.60322607, z: 0, w: 0.7975702}
  m_LocalPosition: {x: 7.4249997, y: 0.35, z: -0.03}
  m_LocalScale: {x: 2.1600003, y: 2.16, z: 2.1600003}
  m_Children:
  - {fileID: 1754417045797899490}
  - {fileID: 9203217994430473220}
  m_Father: {fileID: 0}
  m_RootOrder: 0
  m_LocalEulerAnglesHint: {x: 0, y: 74.2026, z: 0}
--- !u!33 &224921761458878923
MeshFilter:
  m_ObjectHideFlags: 0
  m_CorrespondingSourceObject: {fileID: 0}
  m_PrefabInstance: {fileID: 0}
  m_PrefabAsset: {fileID: 0}
  m_GameObject: {fileID: 224921761461964949}
  m_Mesh: {fileID: 4300002, guid: b3a43e74877f74a45a2bda11c946081f, type: 3}
--- !u!23 &224921761459998341
MeshRenderer:
  m_ObjectHideFlags: 0
  m_CorrespondingSourceObject: {fileID: 0}
  m_PrefabInstance: {fileID: 0}
  m_PrefabAsset: {fileID: 0}
  m_GameObject: {fileID: 224921761461964949}
  m_Enabled: 1
  m_CastShadows: 1
  m_ReceiveShadows: 1
  m_DynamicOccludee: 1
  m_MotionVectors: 1
  m_LightProbeUsage: 1
  m_ReflectionProbeUsage: 1
  m_RayTracingMode: 2
  m_RenderingLayerMask: 1
  m_RendererPriority: 0
  m_Materials:
  - {fileID: 2100000, guid: 6e3ac6e47b4d7a44685dfef9bf209413, type: 2}
  - {fileID: 2100000, guid: d07dc9a550022a74792d211f343e0b16, type: 2}
  m_StaticBatchInfo:
    firstSubMesh: 0
    subMeshCount: 0
  m_StaticBatchRoot: {fileID: 0}
  m_ProbeAnchor: {fileID: 0}
  m_LightProbeVolumeOverride: {fileID: 0}
  m_ScaleInLightmap: 1
  m_ReceiveGI: 1
  m_PreserveUVs: 0
  m_IgnoreNormalsForChartDetection: 0
  m_ImportantGI: 0
  m_StitchLightmapSeams: 1
  m_SelectedEditorRenderState: 3
  m_MinimumChartSize: 4
  m_AutoUVMaxDistance: 0.5
  m_AutoUVMaxAngle: 89
  m_LightmapParameters: {fileID: 0}
  m_SortingLayerID: 0
  m_SortingLayer: 0
  m_SortingOrder: 0
--- !u!64 &287287411303514681
MeshCollider:
  m_ObjectHideFlags: 0
  m_CorrespondingSourceObject: {fileID: 0}
  m_PrefabInstance: {fileID: 0}
  m_PrefabAsset: {fileID: 0}
  m_GameObject: {fileID: 224921761461964949}
  m_Material: {fileID: 0}
  m_IsTrigger: 0
  m_Enabled: 1
  serializedVersion: 4
  m_Convex: 0
  m_CookingOptions: 30
  m_Mesh: {fileID: 4300002, guid: b3a43e74877f74a45a2bda11c946081f, type: 3}
--- !u!114 &3146652317162670795
MonoBehaviour:
  m_ObjectHideFlags: 0
  m_CorrespondingSourceObject: {fileID: 0}
  m_PrefabInstance: {fileID: 0}
  m_PrefabAsset: {fileID: 0}
  m_GameObject: {fileID: 224921761461964949}
  m_Enabled: 1
  m_EditorHideFlags: 0
  m_Script: {fileID: 11500000, guid: 0e76a10cffa8adb46b2a8347082d461f, type: 3}
  m_Name: 
  m_EditorClassIdentifier: 
  m_ObjFire: {fileID: 5606599222996942289}
  alive: 1
--- !u!65 &6231650498944705703
BoxCollider:
  m_ObjectHideFlags: 0
  m_CorrespondingSourceObject: {fileID: 0}
  m_PrefabInstance: {fileID: 0}
  m_PrefabAsset: {fileID: 0}
  m_GameObject: {fileID: 224921761461964949}
  m_Material: {fileID: 0}
  m_IsTrigger: 0
  m_Enabled: 1
  serializedVersion: 2
  m_Size: {x: 0.17, y: 0.36643073, z: 0.75}
  m_Center: {x: 0.000000005929594, y: 0.18271264, z: 0.000000028979665}
--- !u!1 &5606599222996942289
GameObject:
  m_ObjectHideFlags: 0
  m_CorrespondingSourceObject: {fileID: 0}
  m_PrefabInstance: {fileID: 0}
  m_PrefabAsset: {fileID: 0}
  serializedVersion: 6
  m_Component:
  - component: {fileID: 9203217994430473220}
  m_Layer: 0
  m_Name: fire
  m_TagString: Untagged
  m_Icon: {fileID: 0}
  m_NavMeshLayer: 0
  m_StaticEditorFlags: 0
  m_IsActive: 1
--- !u!4 &9203217994430473220
Transform:
  m_ObjectHideFlags: 0
  m_CorrespondingSourceObject: {fileID: 0}
  m_PrefabInstance: {fileID: 0}
  m_PrefabAsset: {fileID: 0}
  m_GameObject: {fileID: 5606599222996942289}
  m_LocalRotation: {x: 0, y: 0, z: 0, w: 1}
  m_LocalPosition: {x: 0, y: 0, z: 0}
  m_LocalScale: {x: 1, y: 1, z: 1}
  m_Children:
  - {fileID: 6469457993461491196}
  - {fileID: 8103855936540866410}
  m_Father: {fileID: 224921761462314019}
  m_RootOrder: 1
  m_LocalEulerAnglesHint: {x: 0, y: 0, z: 0}
--- !u!1001 &135729377048313822
PrefabInstance:
  m_ObjectHideFlags: 0
  serializedVersion: 2
  m_Modification:
    m_TransformParent: {fileID: 9203217994430473220}
    m_Modifications:
    - target: {fileID: 254816866346151135, guid: 267f54d20aa4ce74e88c619deb283631,
        type: 3}
      propertyPath: m_Materials.Array.size
      value: 1
      objectReference: {fileID: 0}
    - target: {fileID: 3059181534577252612, guid: 267f54d20aa4ce74e88c619deb283631,
        type: 3}
      propertyPath: m_Materials.Array.size
      value: 1
      objectReference: {fileID: 0}
    - target: {fileID: 4429527245038626369, guid: 267f54d20aa4ce74e88c619deb283631,
        type: 3}
      propertyPath: m_Name
      value: Eff_fire_01
      objectReference: {fileID: 0}
    - target: {fileID: 4599488488127479516, guid: 267f54d20aa4ce74e88c619deb283631,
        type: 3}
      propertyPath: m_Materials.Array.size
      value: 1
      objectReference: {fileID: 0}
    - target: {fileID: 6352913187621952034, guid: 267f54d20aa4ce74e88c619deb283631,
        type: 3}
      propertyPath: m_RootOrder
      value: 0
      objectReference: {fileID: 0}
    - target: {fileID: 6352913187621952034, guid: 267f54d20aa4ce74e88c619deb283631,
        type: 3}
      propertyPath: m_LocalPosition.x
      value: -0.095
      objectReference: {fileID: 0}
    - target: {fileID: 6352913187621952034, guid: 267f54d20aa4ce74e88c619deb283631,
        type: 3}
      propertyPath: m_LocalPosition.y
      value: 0.4720001
      objectReference: {fileID: 0}
    - target: {fileID: 6352913187621952034, guid: 267f54d20aa4ce74e88c619deb283631,
        type: 3}
      propertyPath: m_LocalPosition.z
      value: -0.3350001
      objectReference: {fileID: 0}
    - target: {fileID: 6352913187621952034, guid: 267f54d20aa4ce74e88c619deb283631,
        type: 3}
      propertyPath: m_LocalRotation.w
      value: 1
      objectReference: {fileID: 0}
    - target: {fileID: 6352913187621952034, guid: 267f54d20aa4ce74e88c619deb283631,
        type: 3}
      propertyPath: m_LocalRotation.x
      value: -0
      objectReference: {fileID: 0}
    - target: {fileID: 6352913187621952034, guid: 267f54d20aa4ce74e88c619deb283631,
        type: 3}
      propertyPath: m_LocalRotation.y
      value: 0.00000004470348
      objectReference: {fileID: 0}
    - target: {fileID: 6352913187621952034, guid: 267f54d20aa4ce74e88c619deb283631,
        type: 3}
      propertyPath: m_LocalRotation.z
      value: 0.0000000074505797
      objectReference: {fileID: 0}
    - target: {fileID: 6352913187621952034, guid: 267f54d20aa4ce74e88c619deb283631,
        type: 3}
      propertyPath: m_LocalEulerAnglesHint.x
      value: 0
      objectReference: {fileID: 0}
    - target: {fileID: 6352913187621952034, guid: 267f54d20aa4ce74e88c619deb283631,
        type: 3}
      propertyPath: m_LocalEulerAnglesHint.y
      value: 0
      objectReference: {fileID: 0}
    - target: {fileID: 6352913187621952034, guid: 267f54d20aa4ce74e88c619deb283631,
        type: 3}
      propertyPath: m_LocalEulerAnglesHint.z
      value: 0
      objectReference: {fileID: 0}
    m_RemovedComponents: []
  m_SourcePrefab: {fileID: 100100000, guid: 267f54d20aa4ce74e88c619deb283631, type: 3}
--- !u!4 &6469457993461491196 stripped
Transform:
  m_CorrespondingSourceObject: {fileID: 6352913187621952034, guid: 267f54d20aa4ce74e88c619deb283631,
    type: 3}
  m_PrefabInstance: {fileID: 135729377048313822}
  m_PrefabAsset: {fileID: 0}
--- !u!1001 &1754417045797844086
PrefabInstance:
  m_ObjectHideFlags: 0
  serializedVersion: 2
  m_Modification:
    m_TransformParent: {fileID: 224921761462314019}
    m_Modifications:
    - target: {fileID: 150562, guid: 4d3365622d82f2a488f3134bd3d1defa, type: 3}
      propertyPath: m_Name
      value: log_03 (3)
      objectReference: {fileID: 0}
    - target: {fileID: 473236, guid: 4d3365622d82f2a488f3134bd3d1defa, type: 3}
      propertyPath: m_RootOrder
      value: 0
      objectReference: {fileID: 0}
    - target: {fileID: 473236, guid: 4d3365622d82f2a488f3134bd3d1defa, type: 3}
      propertyPath: m_LocalScale.x
      value: 1.4549538
      objectReference: {fileID: 0}
    - target: {fileID: 473236, guid: 4d3365622d82f2a488f3134bd3d1defa, type: 3}
      propertyPath: m_LocalScale.y
      value: 0.1111111
      objectReference: {fileID: 0}
    - target: {fileID: 473236, guid: 4d3365622d82f2a488f3134bd3d1defa, type: 3}
      propertyPath: m_LocalScale.z
      value: 1.3888887
      objectReference: {fileID: 0}
    - target: {fileID: 473236, guid: 4d3365622d82f2a488f3134bd3d1defa, type: 3}
      propertyPath: m_LocalPosition.x
      value: -0.031650797
      objectReference: {fileID: 0}
    - target: {fileID: 473236, guid: 4d3365622d82f2a488f3134bd3d1defa, type: 3}
      propertyPath: m_LocalPosition.y
      value: 0.12985307
      objectReference: {fileID: 0}
    - target: {fileID: 473236, guid: 4d3365622d82f2a488f3134bd3d1defa, type: 3}
      propertyPath: m_LocalPosition.z
      value: 0.06669112
      objectReference: {fileID: 0}
    - target: {fileID: 473236, guid: 4d3365622d82f2a488f3134bd3d1defa, type: 3}
      propertyPath: m_LocalRotation.w
      value: 0.9999758
      objectReference: {fileID: 0}
    - target: {fileID: 473236, guid: 4d3365622d82f2a488f3134bd3d1defa, type: 3}
      propertyPath: m_LocalRotation.x
      value: -0
      objectReference: {fileID: 0}
    - target: {fileID: 473236, guid: 4d3365622d82f2a488f3134bd3d1defa, type: 3}
      propertyPath: m_LocalRotation.y
      value: 0.0069584846
      objectReference: {fileID: 0}
    - target: {fileID: 473236, guid: 4d3365622d82f2a488f3134bd3d1defa, type: 3}
      propertyPath: m_LocalRotation.z
      value: -0
      objectReference: {fileID: 0}
    - target: {fileID: 473236, guid: 4d3365622d82f2a488f3134bd3d1defa, type: 3}
      propertyPath: m_LocalEulerAnglesHint.x
      value: 0
      objectReference: {fileID: 0}
    - target: {fileID: 473236, guid: 4d3365622d82f2a488f3134bd3d1defa, type: 3}
      propertyPath: m_LocalEulerAnglesHint.y
      value: 75
      objectReference: {fileID: 0}
    - target: {fileID: 2380338, guid: 4d3365622d82f2a488f3134bd3d1defa, type: 3}
      propertyPath: m_Materials.Array.data[0]
      value: 
      objectReference: {fileID: 2100000, guid: b9bae1e20222386438bc64a9a3089d03, type: 2}
    m_RemovedComponents: []
  m_SourcePrefab: {fileID: 100100000, guid: 4d3365622d82f2a488f3134bd3d1defa, type: 3}
--- !u!4 &1754417045797899490 stripped
Transform:
  m_CorrespondingSourceObject: {fileID: 473236, guid: 4d3365622d82f2a488f3134bd3d1defa,
    type: 3}
  m_PrefabInstance: {fileID: 1754417045797844086}
  m_PrefabAsset: {fileID: 0}
--- !u!1001 &2908404979019328840
PrefabInstance:
  m_ObjectHideFlags: 0
  serializedVersion: 2
  m_Modification:
    m_TransformParent: {fileID: 9203217994430473220}
    m_Modifications:
    - target: {fileID: 254816866346151135, guid: 267f54d20aa4ce74e88c619deb283631,
        type: 3}
      propertyPath: m_Materials.Array.size
      value: 1
      objectReference: {fileID: 0}
    - target: {fileID: 3059181534577252612, guid: 267f54d20aa4ce74e88c619deb283631,
        type: 3}
      propertyPath: m_Materials.Array.size
      value: 1
      objectReference: {fileID: 0}
    - target: {fileID: 4429527245038626369, guid: 267f54d20aa4ce74e88c619deb283631,
        type: 3}
      propertyPath: m_Name
      value: Eff_fire_01 (1)
      objectReference: {fileID: 0}
    - target: {fileID: 4599488488127479516, guid: 267f54d20aa4ce74e88c619deb283631,
        type: 3}
      propertyPath: m_Materials.Array.size
      value: 1
      objectReference: {fileID: 0}
    - target: {fileID: 6352913187621952034, guid: 267f54d20aa4ce74e88c619deb283631,
        type: 3}
      propertyPath: m_RootOrder
      value: 1
      objectReference: {fileID: 0}
    - target: {fileID: 6352913187621952034, guid: 267f54d20aa4ce74e88c619deb283631,
        type: 3}
      propertyPath: m_LocalPosition.x
      value: 0.04100002
      objectReference: {fileID: 0}
    - target: {fileID: 6352913187621952034, guid: 267f54d20aa4ce74e88c619deb283631,
        type: 3}
      propertyPath: m_LocalPosition.y
      value: 0.4720001
      objectReference: {fileID: 0}
    - target: {fileID: 6352913187621952034, guid: 267f54d20aa4ce74e88c619deb283631,
        type: 3}
      propertyPath: m_LocalPosition.z
      value: 0.14600003
      objectReference: {fileID: 0}
    - target: {fileID: 6352913187621952034, guid: 267f54d20aa4ce74e88c619deb283631,
        type: 3}
      propertyPath: m_LocalRotation.w
      value: 1
      objectReference: {fileID: 0}
    - target: {fileID: 6352913187621952034, guid: 267f54d20aa4ce74e88c619deb283631,
        type: 3}
      propertyPath: m_LocalRotation.x
      value: -0
      objectReference: {fileID: 0}
    - target: {fileID: 6352913187621952034, guid: 267f54d20aa4ce74e88c619deb283631,
        type: 3}
      propertyPath: m_LocalRotation.y
      value: 0.00000004470348
      objectReference: {fileID: 0}
    - target: {fileID: 6352913187621952034, guid: 267f54d20aa4ce74e88c619deb283631,
        type: 3}
      propertyPath: m_LocalRotation.z
      value: 0.0000000074505797
      objectReference: {fileID: 0}
    - target: {fileID: 6352913187621952034, guid: 267f54d20aa4ce74e88c619deb283631,
        type: 3}
      propertyPath: m_LocalEulerAnglesHint.x
      value: 0
      objectReference: {fileID: 0}
    - target: {fileID: 6352913187621952034, guid: 267f54d20aa4ce74e88c619deb283631,
        type: 3}
      propertyPath: m_LocalEulerAnglesHint.y
      value: 0
      objectReference: {fileID: 0}
    - target: {fileID: 6352913187621952034, guid: 267f54d20aa4ce74e88c619deb283631,
        type: 3}
      propertyPath: m_LocalEulerAnglesHint.z
      value: 0
      objectReference: {fileID: 0}
    m_RemovedComponents: []
  m_SourcePrefab: {fileID: 100100000, guid: 267f54d20aa4ce74e88c619deb283631, type: 3}
--- !u!4 &8103855936540866410 stripped
Transform:
  m_CorrespondingSourceObject: {fileID: 6352913187621952034, guid: 267f54d20aa4ce74e88c619deb283631,
    type: 3}
  m_PrefabInstance: {fileID: 2908404979019328840}
  m_PrefabAsset: {fileID: 0}
