%YAML 1.1
%TAG !u! tag:unity3d.com,2011:
--- !u!1 &595912984890247745
GameObject:
  m_ObjectHideFlags: 0
  m_CorrespondingSourceObject: {fileID: 0}
  m_PrefabInstance: {fileID: 0}
  m_PrefabAsset: {fileID: 0}
  serializedVersion: 6
  m_Component:
  - component: {fileID: 9126925150179323492}
  m_Layer: 0
  m_Name: Bone001
  m_TagString: Untagged
  m_Icon: {fileID: 0}
  m_NavMeshLayer: 0
  m_StaticEditorFlags: 0
  m_IsActive: 1
--- !u!4 &9126925150179323492
Transform:
  m_ObjectHideFlags: 0
  m_CorrespondingSourceObject: {fileID: 0}
  m_PrefabInstance: {fileID: 0}
  m_PrefabAsset: {fileID: 0}
  m_GameObject: {fileID: 595912984890247745}
  m_LocalRotation: {x: 0.0000001939042, y: 0.003950357, z: -7.6599677e-10, w: 0.9999922}
  m_LocalPosition: {x: -0.2555481, y: -0.027376559, z: -0.000000034332274}
  m_LocalScale: {x: 1, y: 1, z: 1}
  m_Children:
  - {fileID: 2676267484055597626}
  m_Father: {fileID: 2097372356113662446}
  m_RootOrder: 0
  m_LocalEulerAnglesHint: {x: 0.00002221997, y: 7.3852797, z: -1.01777785e-13}
--- !u!1 &721174406910960266
GameObject:
  m_ObjectHideFlags: 0
  m_CorrespondingSourceObject: {fileID: 0}
  m_PrefabInstance: {fileID: 0}
  m_PrefabAsset: {fileID: 0}
  serializedVersion: 6
  m_Component:
  - component: {fileID: 2048024145917797382}
  - component: {fileID: 5228885190309542377}
  m_Layer: 0
  m_Name: shark
  m_TagString: Untagged
  m_Icon: {fileID: 0}
  m_NavMeshLayer: 0
  m_StaticEditorFlags: 0
  m_IsActive: 1
--- !u!4 &2048024145917797382
Transform:
  m_ObjectHideFlags: 0
  m_CorrespondingSourceObject: {fileID: 0}
  m_PrefabInstance: {fileID: 0}
  m_PrefabAsset: {fileID: 0}
  m_GameObject: {fileID: 721174406910960266}
  m_LocalRotation: {x: 0.000000021855694, y: -0, z: -0, w: 1}
  m_LocalPosition: {x: -0, y: 0, z: 0}
  m_LocalScale: {x: 1, y: 1, z: 1}
  m_Children: []
  m_Father: {fileID: 7333770206792297191}
  m_RootOrder: 1
  m_LocalEulerAnglesHint: {x: 0, y: 0, z: 0}
--- !u!137 &5228885190309542377
SkinnedMeshRenderer:
  m_ObjectHideFlags: 0
  m_CorrespondingSourceObject: {fileID: 0}
  m_PrefabInstance: {fileID: 0}
  m_PrefabAsset: {fileID: 0}
  m_GameObject: {fileID: 721174406910960266}
  m_Enabled: 1
  m_CastShadows: 1
  m_ReceiveShadows: 1
  m_DynamicOccludee: 1
  m_MotionVectors: 1
  m_LightProbeUsage: 1
  m_ReflectionProbeUsage: 1
  m_RayTracingMode: 0
  m_RenderingLayerMask: 1
  m_RendererPriority: 0
  m_Materials:
  - {fileID: 2100000, guid: 40a353f6117398145a3e785d9854de93, type: 2}
  - {fileID: 2100000, guid: 579080bda9f89ee42a5447d6d997e266, type: 2}
  - {fileID: 2100000, guid: a7862d5615928c34e868320de65c2777, type: 2}
  - {fileID: 2100000, guid: 48b31daa83ddb854fadd9402702394e4, type: 2}
  - {fileID: 2100000, guid: c48ed0c67054fc24da0ac1cced5a308c, type: 2}
  m_StaticBatchInfo:
    firstSubMesh: 0
    subMeshCount: 0
  m_StaticBatchRoot: {fileID: 0}
  m_ProbeAnchor: {fileID: 0}
  m_LightProbeVolumeOverride: {fileID: 0}
  m_ScaleInLightmap: 1
  m_ReceiveGI: 1
  m_PreserveUVs: 0
  m_IgnoreNormalsForChartDetection: 0
  m_ImportantGI: 0
  m_StitchLightmapSeams: 1
  m_SelectedEditorRenderState: 3
  m_MinimumChartSize: 4
  m_AutoUVMaxDistance: 0.5
  m_AutoUVMaxAngle: 89
  m_LightmapParameters: {fileID: 0}
  m_SortingLayerID: 0
  m_SortingLayer: 0
  m_SortingOrder: 0
  serializedVersion: 2
  m_Quality: 0
  m_UpdateWhenOffscreen: 0
  m_SkinnedMotionVectors: 1
  m_Mesh: {fileID: -4363703637020389553, guid: 2a14e9001fdaec548856426c484d26c3, type: 3}
  m_Bones:
  - {fileID: 58948320827879361}
  - {fileID: 5900018533875205888}
  - {fileID: 1553479038588047059}
  - {fileID: 5191849688054515813}
  - {fileID: 2805726063915552682}
  - {fileID: 9126925150179323492}
  - {fileID: 2097372356113662446}
  - {fileID: 1981747610695582864}
  - {fileID: 2894973236710830448}
  - {fileID: 7939834709859341012}
  - {fileID: 73699768401364908}
  - {fileID: 7035768594448963998}
  m_BlendShapeWeights: []
  m_RootBone: {fileID: 2097372356113662446}
  m_AABB:
    m_Center: {x: 0.9986411, y: 0.15429646, z: 0.032231867}
    m_Extent: {x: 2.5418808, y: 0.9068529, z: 1.3771555}
  m_DirtyAABB: 0
--- !u!1 &1511767115019832476
GameObject:
  m_ObjectHideFlags: 0
  m_CorrespondingSourceObject: {fileID: 0}
  m_PrefabInstance: {fileID: 0}
  m_PrefabAsset: {fileID: 0}
  serializedVersion: 6
  m_Component:
  - component: {fileID: 7035768594448963998}
  m_Layer: 0
  m_Name: Bone007(mirrored)
  m_TagString: Untagged
  m_Icon: {fileID: 0}
  m_NavMeshLayer: 0
  m_StaticEditorFlags: 0
  m_IsActive: 1
--- !u!4 &7035768594448963998
Transform:
  m_ObjectHideFlags: 0
  m_CorrespondingSourceObject: {fileID: 0}
  m_PrefabInstance: {fileID: 0}
  m_PrefabAsset: {fileID: 0}
  m_GameObject: {fileID: 1511767115019832476}
  m_LocalRotation: {x: -0.36961138, y: 0.42747557, z: 0.644611, w: 0.5149065}
  m_LocalPosition: {x: 0.010157867, y: -0.3283823, z: 0.38039997}
  m_LocalScale: {x: 0.99999976, y: 0.9999998, z: 0.9999999}
  m_Children:
  - {fileID: 73699768401364908}
  m_Father: {fileID: 2097372356113662446}
  m_RootOrder: 3
  m_LocalEulerAnglesHint: {x: -70.10986, y: -1.5732512, z: 99.69703}
--- !u!1 &2323156758045431891
GameObject:
  m_ObjectHideFlags: 0
  m_CorrespondingSourceObject: {fileID: 0}
  m_PrefabInstance: {fileID: 0}
  m_PrefabAsset: {fileID: 0}
  serializedVersion: 6
  m_Component:
  - component: {fileID: 1553479038588047059}
  m_Layer: 0
  m_Name: Bone005
  m_TagString: Untagged
  m_Icon: {fileID: 0}
  m_NavMeshLayer: 0
  m_StaticEditorFlags: 0
  m_IsActive: 1
--- !u!4 &1553479038588047059
Transform:
  m_ObjectHideFlags: 0
  m_CorrespondingSourceObject: {fileID: 0}
  m_PrefabInstance: {fileID: 0}
  m_PrefabAsset: {fileID: 0}
  m_GameObject: {fileID: 2323156758045431891}
  m_LocalRotation: {x: -0.0011347707, y: 0.176067, z: 0.0076954686, w: 0.98434746}
  m_LocalPosition: {x: -0.61622775, y: 0.0000016479493, z: -0.000000045776368}
  m_LocalScale: {x: 0.9999998, y: 0.9999998, z: 1}
  m_Children:
  - {fileID: 5191849688054515813}
  m_Father: {fileID: 5900018533875205888}
  m_RootOrder: 0
  m_LocalEulerAnglesHint: {x: 2.1106596, y: 3.0474577, z: 2.3318853}
--- !u!1 &2433985933336259230
GameObject:
  m_ObjectHideFlags: 0
  m_CorrespondingSourceObject: {fileID: 0}
  m_PrefabInstance: {fileID: 0}
  m_PrefabAsset: {fileID: 0}
  serializedVersion: 6
  m_Component:
  - component: {fileID: 2894973236710830448}
  m_Layer: 0
  m_Name: Bone008
  m_TagString: Untagged
  m_Icon: {fileID: 0}
  m_NavMeshLayer: 0
  m_StaticEditorFlags: 0
  m_IsActive: 1
--- !u!4 &2894973236710830448
Transform:
  m_ObjectHideFlags: 0
  m_CorrespondingSourceObject: {fileID: 0}
  m_PrefabInstance: {fileID: 0}
  m_PrefabAsset: {fileID: 0}
  m_GameObject: {fileID: 2433985933336259230}
  m_LocalRotation: {x: -0.021311497, y: -0.0057863356, z: -0.22239226, w: 0.9747071}
  m_LocalPosition: {x: -0.6173151, y: -0.000000091552735, z: 0.000000045776368}
  m_LocalScale: {x: 0.99999976, y: 0.99999976, z: 1}
  m_Children: []
  m_Father: {fileID: 7939834709859341012}
  m_RootOrder: 0
  m_LocalEulerAnglesHint: {x: -0.6473321, y: -8.500033, z: 4.2644444}
--- !u!1 &2921273761224963329
GameObject:
  m_ObjectHideFlags: 0
  m_CorrespondingSourceObject: {fileID: 0}
  m_PrefabInstance: {fileID: 0}
  m_PrefabAsset: {fileID: 0}
  serializedVersion: 6
  m_Component:
  - component: {fileID: 73699768401364908}
  m_Layer: 0
  m_Name: Bone008(mirrored)
  m_TagString: Untagged
  m_Icon: {fileID: 0}
  m_NavMeshLayer: 0
  m_StaticEditorFlags: 0
  m_IsActive: 1
--- !u!4 &73699768401364908
Transform:
  m_ObjectHideFlags: 0
  m_CorrespondingSourceObject: {fileID: 0}
  m_PrefabInstance: {fileID: 0}
  m_PrefabAsset: {fileID: 0}
  m_GameObject: {fileID: 2921273761224963329}
  m_LocalRotation: {x: -0.021901725, y: 0.0102807535, z: 0.04307647, w: 0.99877876}
  m_LocalPosition: {x: -0.6173153, y: 0.00000036621094, z: 0.000000045776368}
  m_LocalScale: {x: 1.0000004, y: 1.0000002, z: 1}
  m_Children: []
  m_Father: {fileID: 7035768594448963998}
  m_RootOrder: 0
  m_LocalEulerAnglesHint: {x: 1.1561222, y: 6.6988177, z: 2.601574}
--- !u!1 &2964696368147581859
GameObject:
  m_ObjectHideFlags: 0
  m_CorrespondingSourceObject: {fileID: 0}
  m_PrefabInstance: {fileID: 0}
  m_PrefabAsset: {fileID: 0}
  serializedVersion: 6
  m_Component:
  - component: {fileID: 58948320827879361}
  m_Layer: 0
  m_Name: Bone002
  m_TagString: Untagged
  m_Icon: {fileID: 0}
  m_NavMeshLayer: 0
  m_StaticEditorFlags: 0
  m_IsActive: 1
--- !u!4 &58948320827879361
Transform:
  m_ObjectHideFlags: 0
  m_CorrespondingSourceObject: {fileID: 0}
  m_PrefabInstance: {fileID: 0}
  m_PrefabAsset: {fileID: 0}
  m_GameObject: {fileID: 2964696368147581859}
  m_LocalRotation: {x: -0.02150318, y: -0.00012436853, z: 0.9996963, w: 0.012035887}
  m_LocalPosition: {x: 0.34915632, y: 0.053249817, z: 0.000000022888184}
  m_LocalScale: {x: 1, y: 1, z: 1}
  m_Children:
  - {fileID: 2805726063915552682}
  m_Father: {fileID: 2097372356113662446}
  m_RootOrder: 1
  m_LocalEulerAnglesHint: {x: 8.446957, y: 15.525454, z: -175.09274}
--- !u!1 &3138028585078299197
GameObject:
  m_ObjectHideFlags: 0
  m_CorrespondingSourceObject: {fileID: 0}
  m_PrefabInstance: {fileID: 0}
  m_PrefabAsset: {fileID: 0}
  serializedVersion: 6
  m_Component:
  - component: {fileID: 7939834709859341012}
  m_Layer: 0
  m_Name: Bone007
  m_TagString: Untagged
  m_Icon: {fileID: 0}
  m_NavMeshLayer: 0
  m_StaticEditorFlags: 0
  m_IsActive: 1
--- !u!4 &7939834709859341012
Transform:
  m_ObjectHideFlags: 0
  m_CorrespondingSourceObject: {fileID: 0}
  m_PrefabInstance: {fileID: 0}
  m_PrefabAsset: {fileID: 0}
  m_GameObject: {fileID: 3138028585078299197}
  m_LocalRotation: {x: 0.48510572, y: 0.6634571, z: 0.47243437, w: -0.31828123}
  m_LocalPosition: {x: 0.010158051, y: -0.3283823, z: -0.38026503}
  m_LocalScale: {x: 1.0000001, y: 1.0000001, z: 1}
  m_Children:
  - {fileID: 2894973236710830448}
  m_Father: {fileID: 2097372356113662446}
  m_RootOrder: 2
  m_LocalEulerAnglesHint: {x: -58.168713, y: 171.9761, z: 77.88052}
--- !u!1 &3222119102323980639
GameObject:
  m_ObjectHideFlags: 0
  m_CorrespondingSourceObject: {fileID: 0}
  m_PrefabInstance: {fileID: 0}
  m_PrefabAsset: {fileID: 0}
  serializedVersion: 6
  m_Component:
  - component: {fileID: 3787814235816021470}
  m_Layer: 0
  m_Name: GetPos
  m_TagString: Untagged
  m_Icon: {fileID: 0}
  m_NavMeshLayer: 0
  m_StaticEditorFlags: 0
  m_IsActive: 1
--- !u!4 &3787814235816021470
Transform:
  m_ObjectHideFlags: 0
  m_CorrespondingSourceObject: {fileID: 0}
  m_PrefabInstance: {fileID: 0}
  m_PrefabAsset: {fileID: 0}
  m_GameObject: {fileID: 3222119102323980639}
  m_LocalRotation: {x: 0.000000005816543, y: -0.00000003110801, z: -4.043034e-17,
    w: 1}
  m_LocalPosition: {x: -0.7500005, y: 0.17999995, z: -0.06999973}
  m_LocalScale: {x: 1, y: 1, z: 1}
  m_Children: []
  m_Father: {fileID: 1981747610695582864}
  m_RootOrder: 0
  m_LocalEulerAnglesHint: {x: 0, y: 0, z: 0}
--- !u!1 &3824338227894550875
GameObject:
  m_ObjectHideFlags: 0
  m_CorrespondingSourceObject: {fileID: 0}
  m_PrefabInstance: {fileID: 0}
  m_PrefabAsset: {fileID: 0}
  serializedVersion: 6
  m_Component:
  - component: {fileID: 2676267484055597626}
  m_Layer: 0
  m_Name: Dummy002
  m_TagString: Untagged
  m_Icon: {fileID: 0}
  m_NavMeshLayer: 0
  m_StaticEditorFlags: 0
  m_IsActive: 1
--- !u!4 &2676267484055597626
Transform:
  m_ObjectHideFlags: 0
  m_CorrespondingSourceObject: {fileID: 0}
  m_PrefabInstance: {fileID: 0}
  m_PrefabAsset: {fileID: 0}
  m_GameObject: {fileID: 3824338227894550875}
  m_LocalRotation: {x: 1.00949665e-10, y: 0.000000009987229, z: -0.013732479, w: 0.9999057}
  m_LocalPosition: {x: -0.37545356, y: -0.2963603, z: 0.000000022888184}
  m_LocalScale: {x: 1, y: 1, z: 1}
  m_Children:
  - {fileID: 1981747610695582864}
  m_Father: {fileID: 9126925150179323492}
  m_RootOrder: 0
  m_LocalEulerAnglesHint: {x: -0.0000000065799957, y: -0.00000023951003, z: -1.5736773}
--- !u!1 &4063884875822198337
GameObject:
  m_ObjectHideFlags: 0
  m_CorrespondingSourceObject: {fileID: 0}
  m_PrefabInstance: {fileID: 0}
  m_PrefabAsset: {fileID: 0}
  serializedVersion: 6
  m_Component:
  - component: {fileID: 5900018533875205888}
  m_Layer: 0
  m_Name: Bone004
  m_TagString: Untagged
  m_Icon: {fileID: 0}
  m_NavMeshLayer: 0
  m_StaticEditorFlags: 0
  m_IsActive: 1
--- !u!4 &5900018533875205888
Transform:
  m_ObjectHideFlags: 0
  m_CorrespondingSourceObject: {fileID: 0}
  m_PrefabInstance: {fileID: 0}
  m_PrefabAsset: {fileID: 0}
  m_GameObject: {fileID: 4063884875822198337}
  m_LocalRotation: {x: -0.00012059012, y: 0.1010297, z: -0.008577224, w: 0.99484646}
  m_LocalPosition: {x: -0.7331978, y: -0.0000015563965, z: 0}
  m_LocalScale: {x: 1.0000001, y: 1.0000001, z: 1}
  m_Children:
  - {fileID: 1553479038588047059}
  m_Father: {fileID: 2805726063915552682}
  m_RootOrder: 0
  m_LocalEulerAnglesHint: {x: -0.65865445, y: -1.8934107, z: 5.7514715}
--- !u!1 &5282442659370529803
GameObject:
  m_ObjectHideFlags: 0
  m_CorrespondingSourceObject: {fileID: 0}
  m_PrefabInstance: {fileID: 0}
  m_PrefabAsset: {fileID: 0}
  serializedVersion: 6
  m_Component:
  - component: {fileID: 1981747610695582864}
  m_Layer: 0
  m_Name: Bone009
  m_TagString: Untagged
  m_Icon: {fileID: 0}
  m_NavMeshLayer: 0
  m_StaticEditorFlags: 0
  m_IsActive: 1
--- !u!4 &1981747610695582864
Transform:
  m_ObjectHideFlags: 0
  m_CorrespondingSourceObject: {fileID: 0}
  m_PrefabInstance: {fileID: 0}
  m_PrefabAsset: {fileID: 0}
  m_GameObject: {fileID: 5282442659370529803}
  m_LocalRotation: {x: -0.0000000010293937, y: -0.000000007914875, z: -0.05025249,
    w: 0.99873656}
  m_LocalPosition: {x: 0.00000018310547, y: -0.00000036621094, z: 0}
  m_LocalScale: {x: 1, y: 1, z: 1}
  m_Children:
  - {fileID: 3787814235816021470}
  - {fileID: 5945608463685905312}
  m_Father: {fileID: 2676267484055597626}
  m_RootOrder: 0
  m_LocalEulerAnglesHint: {x: 0, y: 0, z: 16.713505}
--- !u!1 &5589832946799440682
GameObject:
  m_ObjectHideFlags: 0
  m_CorrespondingSourceObject: {fileID: 0}
  m_PrefabInstance: {fileID: 0}
  m_PrefabAsset: {fileID: 0}
  serializedVersion: 6
  m_Component:
  - component: {fileID: 2805726063915552682}
  m_Layer: 0
  m_Name: Bone003
  m_TagString: Untagged
  m_Icon: {fileID: 0}
  m_NavMeshLayer: 0
  m_StaticEditorFlags: 0
  m_IsActive: 1
--- !u!4 &2805726063915552682
Transform:
  m_ObjectHideFlags: 0
  m_CorrespondingSourceObject: {fileID: 0}
  m_PrefabInstance: {fileID: 0}
  m_PrefabAsset: {fileID: 0}
  m_GameObject: {fileID: 5589832946799440682}
  m_LocalRotation: {x: -0.00048806754, y: 0.06339219, z: -0.00069191586, w: 0.99798834}
  m_LocalPosition: {x: -1.0667781, y: 0.000000045776368, z: -0.00000006866455}
  m_LocalScale: {x: 1, y: 1, z: 1}
  m_Children:
  - {fileID: 5900018533875205888}
  m_Father: {fileID: 58948320827879361}
  m_RootOrder: 0
  m_LocalEulerAnglesHint: {x: -5.9278407, y: -2.3401127, z: 5.129051}
--- !u!1 &5602417641863916248
GameObject:
  m_ObjectHideFlags: 0
  m_CorrespondingSourceObject: {fileID: 0}
  m_PrefabInstance: {fileID: 0}
  m_PrefabAsset: {fileID: 0}
  serializedVersion: 6
  m_Component:
  - component: {fileID: 2097372356113662446}
  m_Layer: 0
  m_Name: Dummy001
  m_TagString: Untagged
  m_Icon: {fileID: 0}
  m_NavMeshLayer: 0
  m_StaticEditorFlags: 0
  m_IsActive: 1
--- !u!4 &2097372356113662446
Transform:
  m_ObjectHideFlags: 0
  m_CorrespondingSourceObject: {fileID: 0}
  m_PrefabInstance: {fileID: 0}
  m_PrefabAsset: {fileID: 0}
  m_GameObject: {fileID: 5602417641863916248}
  m_LocalRotation: {x: 0.00000001900728, y: 0.7748668, z: 0.00000001900728, w: 0.63212454}
  m_LocalPosition: {x: -0.088772245, y: -0.5518987, z: 0.8305657}
  m_LocalScale: {x: 1.0000002, y: 1, z: 1.0000002}
  m_Children:
  - {fileID: 9126925150179323492}
  - {fileID: 58948320827879361}
  - {fileID: 7939834709859341012}
  - {fileID: 7035768594448963998}
  m_Father: {fileID: 7333770206792297191}
  m_RootOrder: 0
  m_LocalEulerAnglesHint: {x: -0.4176216, y: 72.251526, z: -70.15748}
--- !u!1 &7647484356124837785
GameObject:
  m_ObjectHideFlags: 0
  m_CorrespondingSourceObject: {fileID: 0}
  m_PrefabInstance: {fileID: 0}
  m_PrefabAsset: {fileID: 0}
  serializedVersion: 6
  m_Component:
  - component: {fileID: 5191849688054515813}
  m_Layer: 0
  m_Name: Bone006
  m_TagString: Untagged
  m_Icon: {fileID: 0}
  m_NavMeshLayer: 0
  m_StaticEditorFlags: 0
  m_IsActive: 1
--- !u!4 &5191849688054515813
Transform:
  m_ObjectHideFlags: 0
  m_CorrespondingSourceObject: {fileID: 0}
  m_PrefabInstance: {fileID: 0}
  m_PrefabAsset: {fileID: 0}
  m_GameObject: {fileID: 7647484356124837785}
  m_LocalRotation: {x: -0.0011169128, y: 0.09084901, z: 0.0056821825, w: 0.9958479}
  m_LocalPosition: {x: -0.31892598, y: -0.000000091552735, z: 0.000000091552735}
  m_LocalScale: {x: 1.0000002, y: 1.0000002, z: 1}
  m_Children: []
  m_Father: {fileID: 1553479038588047059}
  m_RootOrder: 0
  m_LocalEulerAnglesHint: {x: 1.5851971, y: -6.649113, z: -5.7597485}
--- !u!1 &7966051392936931421
GameObject:
  m_ObjectHideFlags: 0
  m_CorrespondingSourceObject: {fileID: 0}
  m_PrefabInstance: {fileID: 0}
  m_PrefabAsset: {fileID: 0}
  serializedVersion: 6
  m_Component:
  - component: {fileID: 7333770206792297191}
  - component: {fileID: 8977790498845556265}
  - component: {fileID: 593089256177195688}
  - component: {fileID: -3817360256518354085}
  m_Layer: 0
  m_Name: Shark
  m_TagString: Untagged
  m_Icon: {fileID: 0}
  m_NavMeshLayer: 0
  m_StaticEditorFlags: 0
  m_IsActive: 1
--- !u!4 &7333770206792297191
Transform:
  m_ObjectHideFlags: 0
  m_CorrespondingSourceObject: {fileID: 0}
  m_PrefabInstance: {fileID: 0}
  m_PrefabAsset: {fileID: 0}
  m_GameObject: {fileID: 7966051392936931421}
  m_LocalRotation: {x: 0, y: 0.77681625, z: 0, w: 0.6297273}
  m_LocalPosition: {x: 4.43, y: 0.13, z: -10.58}
  m_LocalScale: {x: 1, y: 1, z: 1}
  m_Children:
  - {fileID: 2097372356113662446}
  - {fileID: 2048024145917797382}
  m_Father: {fileID: 0}
  m_RootOrder: 0
  m_LocalEulerAnglesHint: {x: 0, y: 101.94, z: 0}
--- !u!111 &8977790498845556265
Animation:
  m_ObjectHideFlags: 0
  m_CorrespondingSourceObject: {fileID: 0}
  m_PrefabInstance: {fileID: 0}
  m_PrefabAsset: {fileID: 0}
  m_GameObject: {fileID: 7966051392936931421}
  m_Enabled: 1
  serializedVersion: 3
  m_Animation: {fileID: 7400000, guid: 4d221dc13d3f81a4dbdc1eb586c3a68e, type: 2}
  m_Animations:
  - {fileID: 7400000, guid: 4d221dc13d3f81a4dbdc1eb586c3a68e, type: 2}
  - {fileID: 7400000, guid: 07dc5f83da028c44e9f11b922af1eb63, type: 2}
  - {fileID: 7400000, guid: 25958a697e2da4d419143b4cc7969cc2, type: 2}
  - {fileID: 7400000, guid: 54ee801847e938b45954ffb9c8899e86, type: 2}
  m_WrapMode: 0
  m_PlayAutomatically: 1
  m_AnimatePhysics: 0
  m_CullingType: 1
--- !u!135 &593089256177195688
SphereCollider:
  m_ObjectHideFlags: 0
  m_CorrespondingSourceObject: {fileID: 0}
  m_PrefabInstance: {fileID: 0}
  m_PrefabAsset: {fileID: 0}
  m_GameObject: {fileID: 7966051392936931421}
  m_Material: {fileID: 0}
  m_IsTrigger: 0
  m_Enabled: 1
  serializedVersion: 2
  m_Radius: 0.54086995
  m_Center: {x: 0.000000009553149, y: -0.83233213, z: 0.87320316}
--- !u!114 &-3817360256518354085
MonoBehaviour:
  m_ObjectHideFlags: 0
  m_CorrespondingSourceObject: {fileID: 0}
  m_PrefabInstance: {fileID: 0}
  m_PrefabAsset: {fileID: 0}
  m_GameObject: {fileID: 7966051392936931421}
  m_Enabled: 1
  m_EditorHideFlags: 0
  m_Script: {fileID: 11500000, guid: af4b03601fe477147b06ee754dac9690, type: 3}
  m_Name: 
  m_EditorClassIdentifier: 
  m_Anim: {fileID: 8977790498845556265}
  m_ObjBlood: {fileID: 798538930580444461}
  m_TrsGetPos: {fileID: 3787814235816021470}
  alive: 1
--- !u!1001 &3905887719217825494
PrefabInstance:
  m_ObjectHideFlags: 0
  serializedVersion: 2
  m_Modification:
    m_TransformParent: {fileID: 1981747610695582864}
    m_Modifications:
    - target: {fileID: 4404655411426972667, guid: 9951bb620ab466040a082fe0483003ec,
        type: 3}
      propertyPath: m_Name
      value: Eff_blood_01
      objectReference: {fileID: 0}
    - target: {fileID: 4768232768272623051, guid: 9951bb620ab466040a082fe0483003ec,
        type: 3}
      propertyPath: m_Materials.Array.size
      value: 1
      objectReference: {fileID: 0}
    - target: {fileID: 7257422475397950838, guid: 9951bb620ab466040a082fe0483003ec,
        type: 3}
      propertyPath: m_RootOrder
      value: 1
      objectReference: {fileID: 0}
    - target: {fileID: 7257422475397950838, guid: 9951bb620ab466040a082fe0483003ec,
        type: 3}
      propertyPath: m_LocalPosition.x
      value: -0.75
      objectReference: {fileID: 0}
    - target: {fileID: 7257422475397950838, guid: 9951bb620ab466040a082fe0483003ec,
        type: 3}
      propertyPath: m_LocalPosition.y
      value: 0.18
      objectReference: {fileID: 0}
    - target: {fileID: 7257422475397950838, guid: 9951bb620ab466040a082fe0483003ec,
        type: 3}
      propertyPath: m_LocalPosition.z
      value: -0.07
      objectReference: {fileID: 0}
    - target: {fileID: 7257422475397950838, guid: 9951bb620ab466040a082fe0483003ec,
        type: 3}
      propertyPath: m_LocalRotation.w
      value: 1
      objectReference: {fileID: 0}
    - target: {fileID: 7257422475397950838, guid: 9951bb620ab466040a082fe0483003ec,
        type: 3}
      propertyPath: m_LocalRotation.x
      value: 0
      objectReference: {fileID: 0}
    - target: {fileID: 7257422475397950838, guid: 9951bb620ab466040a082fe0483003ec,
        type: 3}
      propertyPath: m_LocalRotation.y
      value: 0
      objectReference: {fileID: 0}
    - target: {fileID: 7257422475397950838, guid: 9951bb620ab466040a082fe0483003ec,
        type: 3}
      propertyPath: m_LocalRotation.z
      value: 0
      objectReference: {fileID: 0}
    - target: {fileID: 7257422475397950838, guid: 9951bb620ab466040a082fe0483003ec,
        type: 3}
      propertyPath: m_LocalEulerAnglesHint.x
      value: 0
      objectReference: {fileID: 0}
    - target: {fileID: 7257422475397950838, guid: 9951bb620ab466040a082fe0483003ec,
        type: 3}
      propertyPath: m_LocalEulerAnglesHint.y
      value: 0
      objectReference: {fileID: 0}
    - target: {fileID: 7257422475397950838, guid: 9951bb620ab466040a082fe0483003ec,
        type: 3}
      propertyPath: m_LocalEulerAnglesHint.z
      value: 0
      objectReference: {fileID: 0}
    - target: {fileID: 7458024496835660206, guid: 9951bb620ab466040a082fe0483003ec,
        type: 3}
      propertyPath: m_Materials.Array.size
      value: 1
      objectReference: {fileID: 0}
    - target: {fileID: 9111936593257006418, guid: 9951bb620ab466040a082fe0483003ec,
        type: 3}
      propertyPath: m_Materials.Array.size
      value: 1
      objectReference: {fileID: 0}
    m_RemovedComponents: []
  m_SourcePrefab: {fileID: 100100000, guid: 9951bb620ab466040a082fe0483003ec, type: 3}
--- !u!4 &5945608463685905312 stripped
Transform:
  m_CorrespondingSourceObject: {fileID: 7257422475397950838, guid: 9951bb620ab466040a082fe0483003ec,
    type: 3}
  m_PrefabInstance: {fileID: 3905887719217825494}
  m_PrefabAsset: {fileID: 0}
--- !u!1 &798538930580444461 stripped
GameObject:
  m_CorrespondingSourceObject: {fileID: 4404655411426972667, guid: 9951bb620ab466040a082fe0483003ec,
    type: 3}
  m_PrefabInstance: {fileID: 3905887719217825494}
  m_PrefabAsset: {fileID: 0}
